!Type:Bank
D28/06'2019
T0.00
CX
PSolde initial
L[Compte commun]
^
D28/06'2019
CX
T100.00
L[SG courant]
^
D02/08'2019
CX
T-62.65
PAssurance prêt
LAssurance:Crédit immobilier
^
D09/08'2019
CX
T3,000.00
PCrédit conso
LCrédit
^
D09/08'2019
CX
T210,976.00
PCrédit immobilier
LCrédit
^
D10/08'2019
CX
T-208,136.95
PCrédit immobilier
LLogement:Remb. prêt immob. (capital)
^
D10/08'2019
CX
T-2,109.76
PCrédit immobilier
LLogement:Remb. prêt immob. (capital)
^
D10/08'2019
CX
T-2,476.63
PCrédit conso
LCrédit
^
D10/08'2019
CX
T-730.00
PFrais de dossier
LCrédit
^
D10/08'2019
CX
T-50.00
PCotisation CA
LFrais bancaires:Cotisation
^
D21/08'2019
CX
T-12.99
PCourses
LCourses
^
D01/09'2019
CX
T2,000.00
PEmilye
^
D02/09'2019
CX
T-25.00
PCotisation mensuelle
LFrais bancaires:Cotisation
^
D02/09'2019
CX
T-62.65
PAssurance prêt
LAssurance:Crédit immobilier
^
D03/09'2019
CX
T-1,431.44
PCrédit immobilier
LLogement:Remb. prêt immob. (capital)
^
D05/09'2019
CX
T-600.00
LVirmt vers un compte supprimé
^
D10/09'2019
CX
T500.00
PEmilye
^
D14/09'2019
CX
T2,000.00
L[SG courant]
^
D14/09'2019
CX
T-57.90
PSNCF
LTransports
^
D16/09'2019
CX
T-40.88
PAssurance maison
LAssurance:Habitation
^
D16/09'2019
CX
T-16.95
PRueDuCommerce
LSanté
^
D17/09'2019
CX
T726.69
PFrais de mission
^
D18/09'2019
CX
T-90.80
PWeldom
LLogement:Bricolage
^
D21/09'2019
CX
T-68.90
PSNCF
LTransports
^
D22/09'2019
CX
T-53.99
PAmazon
LLoisirs-culture:Informatique
^
D24/09'2019
CX
T-72.40
PSNCF
LTransports
^
D24/09'2019
CX
T-90.15
PCourses
LCourses
^
D25/09'2019
CX
T-90.80
PAmazon
LLoisirs-culture:Informatique
^
D25/09'2019
CX
T-90.80
PAmazon
LLoisirs-culture:Informatique
^
D28/09'2019
CX
T-69.00
PAmazon
LLoisirs-culture:Informatique
^
D28/09'2019
CX
T-28.89
PCourses
LCourses
^
D28/09'2019
CX
T-32.98
PAmazon
LLoisirs-culture:Informatique
^
D29/09'2019
CX
T-300.00
L[B For Bank]
^
D30/09'2019
CX
T-4.00
PWWF
LDivers
^
D01/10'2019
CX
T-204.80
PCrédit IGESA
LPrêt
^
D01/10'2019
CX
T-25.00
PCotisation mensuelle
LFrais bancaires
^
D02/10'2019
CX
MAGPM
T-62.65
PAssurance prêt
LAssurance:Crédit immobilier
^
D03/10'2019
CX
T-82.01
PGazole
LAutomobile:Carburant
^
D03/10'2019
CX
T1,000.00
LVirmt depuis un compte supprimé
^
D04/10'2019
CX
T-26.29
PCourses
LCourses
^
D05/10'2019
CX
T-178.00
PDirect Energie
LLogement:Électricité
^
D05/10'2019
CX
T-72.40
PSNCF
LTransports
^
D06/10'2019
CX
T-17.94
PCanal +
LLoisirs-culture:Cinéma-spectacle
^
D06/10'2019
CX
T2,000.00
L[SG courant]
^
D06/10'2019
CX
T-77.51
PAmazon
LLoisirs-culture:Informatique
^
D07/10'2019
CX
T-1,465.15
PCrédit immobilier
LLogement:Remb. prêt immob. (capital)
^
D07/10'2019
CX
T40.30
PPrice Minister
LLoisirs-culture:Informatique
^
D07/10'2019
CX
T-37.60
PCourses
LCourses
^
D07/10'2019
CX
T-37.25
PLeroy Merlin
LLogement:Bricolage
^
D07/10'2019
CX
T-255.96
PCrédit conso
LCrédit
^
D07/10'2019
CX
T9.22
PLeroy Merlin
^
D09/10'2019
CX
T-1.90
PAmazon
LLoisirs-culture:Informatique
^
D11/10'2019
CX
T-12.73
PCourses
LCourses
^
D12/10'2019
CX
T-58.06
PManoMano
LLogement:Bricolage
^
D12/10'2019
CX
T-6.73
PHôtel
LVacances:Logement
^
D13/10'2019
CX
T-48.98
PAmazon
LLoisirs-culture:Informatique
^
D15/10'2019
CX
T-126.00
PTaxe d'habitation
LImpôts:Impôts locaux
^
D15/10'2019
CX
T-82.00
PImpôts fonciers
LImpôts:Fonciers
^
D15/10'2019
CX
T-86.98
POrange
LLogement:Téléphone
^
D16/10'2019
CX
T-40.90
PAssurance maison
LAssurance:Habitation
^
D16/10'2019
CX
T500.00
PEmilye
^
D16/10'2019
CX
T72.40
PSNCF
LTransports
^
D17/10'2019
CX
T-34.99
POrange
LLogement:Téléphone
^
D17/10'2019
CX
T-25.31
PAmazon
LLoisirs-culture:Informatique
^
D17/10'2019
CX
T-75.42
PHôtel
LVacances:Logement
^
D17/10'2019
CX
T-35.00
PMédecin
LSanté
^
D17/10'2019
CX
T-210.00
PCadeau
LCadeaux
^
D17/10'2019
CX
T-33.00
PCourses
LCourses
^
D17/10'2019
CX
T-149.00
PCastorama
LLogement:Bricolage
^
D18/10'2019
CX
T-55.44
PCourses
LCourses
^
D18/10'2019
CX
T-72.00
PGazole
LAutomobile:Carburant
^
D19/10'2019
CX
T-52.15
PAvion
LVacances:Voyage
^
D19/10'2019
CX
T-75.45
PCourses
LCourses
^
D21/10'2019
CX
T792.00
PFrais de mission
^
D22/10'2019
CX
T79.69
PFrais de mission
^
D22/10'2019
CX
T269.03
PFrais de mission
^
D23/10'2019
CX
T-0.99
PCourses
LCourses
^
D23/10'2019
CX
T-293.98
PJardin
LLogement
^
D25/10'2019
CX
T-39.95
PNorauto
LAutomobile:Réparations-entretien
^
D26/10'2019
CX
T4,693.55
PSolde
LTraitements et salaires:Salaire net
^
D26/10'2019
CX
T-76.40
PFleurs
LDivers
^
D26/10'2019
CX
T-73.01
PGazole
LAutomobile:Carburant
^
D27/10'2019
CX
T-24.65
PCourses
LCourses
^
D28/10'2019
CX
T-63.90
PRestaurant
LAlimentation:Restaurant
^
D29/10'2019
CX
T-300.00
L[B For Bank]
^
D29/10'2019
CX
T-22.76
PCourses
LCourses
^
D29/10'2019
CX
T-69.20
PSNCF
LTransports
^
D30/10'2019
CX
T36.20
PSNCF
LTransports
^
D30/10'2019
CX
T-98.20
PNespresso
LCourses
^
D31/10'2019
CX
T-4.00
PWWF
LDivers
^
D31/10'2019
CX
T-7.50
PRemboursement mutuelle
^
D01/11'2019
CX
MAGPM
T-22.94
PGarantie PN
LAssurance:Vie
^
D01/11'2019
CX
MAGPM
T-25.05
PObjectif prévoyance
LAssurance:Vie
^
D01/11'2019
CX
T-54.96
PAssurance Laguna
LAssurance:Automobile
^
D01/11'2019
CX
T-45.96
PAssurance Clio
LAssurance:Automobile
^
D01/11'2019
CX
T-40.48
PAssurance Twingo
LAssurance:Automobile
^
D01/11'2019
CX
T-204.80
PCrédit IGESA
LPrêt
^
D01/11'2019
CX
T-25.00
PCotisation mensuelle
LFrais bancaires
^
D01/11'2019
CX
T-38.00
PCourses
LCourses
^
D01/11'2019
CX
T-19.67
PCourses
LCourses
^
D01/11'2019
CX
T-41.90
PCourses
LCourses
^
D01/11'2019
CX
T-209.50
PRetrait
LRetrait d'espèces
^
D02/11'2019
CX
MAGPM
T-62.65
PAssurance prêt
LAssurance:Crédit immobilier
^
D02/11'2019
CX
T-29.16
PRestaurant
LAlimentation:Restaurant
^
D02/11'2019
CX
T-14.67
PCourses
LCourses
^
D02/11'2019
CX
T154.75
PAGPM
LAssurance:Automobile
^
D04/11'2019
CX
T-219.40
PGAN
LAssurance:Vie
^
D04/11'2019
CX
T-13.02
PCourses
LCourses
^
D04/11'2019
CX
T500.00
PEmilye
^
D04/11'2019
CX
T-15.00
PPéage
LVacances:Voyage
^
D05/11'2019
CX
T-178.00
PDirect Energie
LLogement:Électricité
^
D05/11'2019
CX
T-16.26
PServElite
LLogement:Chauffage
^
D05/11'2019
CX
T-105.00
PCourses
LCourses
^
D05/11'2019
CX
T-1.25
PCourses
LCourses
^
D05/11'2019
CX
T-254.51
PCrédit conso
LCrédit
^
D06/11'2019
CX
T-17.94
PCanal +
LLoisirs-culture:Cinéma-spectacle
^
D06/11'2019
CX
T-64.11
PCourses
LCourses
^
D06/11'2019
CX
T-108.10
PCadeau
LCadeaux
^
D07/11'2019
CX
T-1,431.44
PCrédit immobilier
LLogement:Remb. prêt immob. (capital)
^
D07/11'2019
CX
T-25.18
PCourses
LCourses
^
D07/11'2019
CX
T-439.95
PHôtel
LVacances:Logement
^
D07/11'2019
CX
T-125.70
PHôtel
LVacances:Logement
^
D07/11'2019
CX
T-215.00
PJardin
LLogement
^
D08/11'2019
CX
T-33.10
PRestaurant
LAlimentation:Restaurant
^
D08/11'2019
CX
T-125.70
PRetrait
LRetrait d'espèces
^
D09/11'2019
CX
T-314.25
PPlongée
LLoisirs-culture:Articles de sport
^
D10/11'2019
CX
T-28.37
PRestaurant
LAlimentation:Restaurant
^
D10/11'2019
CX
T-218.11
PHôtel
LVacances:Logement
^
D11/11'2019
CX
T-51.40
PCourses
LCourses
^
D12/11'2019
CX
T-47.77
PCourses
LCourses
^
D12/11'2019
CX
T-33.52
PRetrait
LRetrait d'espèces
^
D12/11'2019
CX
T-230.06
PMutuelle
LSanté:Mutuelle
^
D14/11'2019
CX
T-22.00
PSNCF
LTransports
^
D15/11'2019
CX
T-40.00
PTaxe d'habitation
LImpôts:Impôts locaux
^
D15/11'2019
CX
T-21.00
PImpôts fonciers
LImpôts:Fonciers
^
D15/11'2019
CX
T-200.00
PCARAC RMC
L[CARAC RMC]
^
D16/11'2019
CX
T-40.90
PAssurance maison
LAssurance:Habitation
^
D16/11'2019
CX
T-86.21
PLocation voiture
LVacances:Visites
^
D17/11'2019
CX
T-34.99
POrange
LLogement:Téléphone
^
D18/11'2019
CX
T-120.55
POrange
LLogement:Téléphone
^
D19/11'2019
CX
T-144.00
PHôtel
LVacances:Logement
^
D21/11'2019
CX
T73.43
PFrais de mission
^
D22/11'2019
CX
T-117.50
PWeldom
LLogement:Bricolage
^
D22/11'2019
CX
T-0.99
PCourses
LCourses
^
D23/11'2019
CX
T-29.99
PCourses
LCourses
^
D23/11'2019
CX
T-73.00
PGazole
LAutomobile:Carburant
^
D25/11'2019
CX
T4,693.55
PSolde
LTraitements et salaires:Salaire net
^
D26/11'2019
CX
T-300.00
L[B For Bank]
^
D27/11'2019
CX
T50.00
PCourses
LCourses
^
D27/11'2019
CX
T-89.72
PAmazon
LLoisirs-culture:Informatique
^
D27/11'2019
CX
T-7.88
PAmazon
LLoisirs-culture:Informatique
^
D28/11'2019
CX
T-36.50
PSNCF
LTransports
^
D28/11'2019
CX
T-36.50
PSNCF
LTransports
^
D28/11'2019
CX
T-31.00
PSNCF
LTransports
^
D28/11'2019
CX
T-14.00
PMédecin
LSanté
^
D29/11'2019
CX
T-254.40
PLDLC
LLoisirs-culture:Informatique
^
D29/11'2019
CX
T-177.70
PRenault
LAutomobile:Réparations-entretien
^
D30/11'2019
CX
T-4.00
PWWF
LDivers
^
D30/11'2019
CX
T5,000.00
LVirmt depuis un compte supprimé
^
D30/11'2019
CX
T-58.00
N814
PCadeau
LCadeaux
^
D01/12'2019
CX
MAGPM
T-22.94
PGarantie PN
LAssurance:Vie
^
D01/12'2019
CX
MAGPM
T-25.05
PObjectif prévoyance
LAssurance:Vie
^
D01/12'2019
CX
T-54.96
PAssurance Laguna
LAssurance:Automobile
^
D01/12'2019
CX
T-45.96
PAssurance Clio
LAssurance:Automobile
^
D01/12'2019
CX
T-40.48
PAssurance Twingo
LAssurance:Automobile
^
D01/12'2019
CX
T-6.87
PAssurance crédit
LAssurance:Crédit
^
D01/12'2019
CX
T-204.80
PCrédit IGESA
LPrêt
^
D01/12'2019
CX
T-25.00
PCotisation mensuelle
LFrais bancaires
^
D01/12'2019
CX
T-60.47
PAGPM
^
D02/12'2019
CX
MAGPM
T-62.65
PAssurance prêt
LAssurance:Crédit immobilier
^
D02/12'2019
CX
T-38.90
PPéage
LVacances:Voyage
^
D02/12'2019
CX
T-5,000.00
N815
PCARAC Profileo
LRevenus de placement
^
D03/12'2019
CX
T110.34
PFrais de mission
^
D04/12'2019
CX
T-219.40
PGAN
LAssurance:Vie
^
D05/12'2019
CX
T-178.00
PDirect Energie
LLogement:Électricité
^
D05/12'2019
CX
T-16.26
PServElite
LLogement:Chauffage
^
D05/12'2019
CX
T14.00
PRemboursement mutuelle
LSanté:Mutuelle
^
D05/12'2019
CX
T-1.25
PCourses
LCourses
^
D05/12'2019
CX
T-254.51
PCrédit conso
LCrédit
^
D06/12'2019
CX
T-17.94
PCanal +
LLoisirs-culture:Cinéma-spectacle
^
D06/12'2019
CX
T354.26
PFrais de mission
^
D06/12'2019
CX
T-150.00
PCourses
LCourses
^
D07/12'2019
CX
T-1,465.15
PCrédit immobilier
LLogement:Remb. prêt immob. (capital)
^
D07/12'2019
CX
T-44.05
PFnac
LLoisirs-culture:Informatique
^
D07/12'2019
CX
T-60.20
PCourses
LCourses
^
D10/12'2019
CX
T-115.03
PMutuelle
LSanté:Mutuelle
^
D10/12'2019
CX
T-24.44
PAmazon
LLoisirs-culture:Informatique
^
D11/12'2019
CX
T-114.00
PInformatique
LLoisirs-culture:Informatique
^
D11/12'2019
CX
T31.00
PSNCF
LTransports
^
D11/12'2019
CX
T-270.00
PAerogon
LLoisirs-culture:Aéroclub
^
D12/12'2019
CX
T-74.40
PSNCF
LTransports
^
D13/12'2019
CX
T-33.00
PRestaurant
LAlimentation:Restaurant
^
D13/12'2019
CX
T-42.04
PRestaurant
LAlimentation:Restaurant
^
D13/12'2019
CX
T4,672.81
PSolde
LTraitements et salaires:Salaire net
^
D14/12'2019
CX
T-137.88
PHôtel
LVacances:Logement
^
D14/12'2019
CX
T-564.40
PHôtel
LVacances:Logement
^
D14/12'2019
CX
T19.40
PSNCF
LTransports
^
D15/12'2019
CX
T-200.00
PCARAC RMC
L[CARAC RMC]
^
D16/12'2019
CX
T-40.90
PAssurance maison
LAssurance:Habitation
^
D16/12'2019
CX
T-89.97
POrange
LLogement:Téléphone
^
D17/12'2019
CX
T-179.00
PCadeau
LCadeaux
^
D18/12'2019
CX
T-85.50
PCadeau
LCadeaux
^
D19/12'2019
CX
T-63.00
PGazole
LAutomobile:Carburant
^
D21/12'2019
CX
T-121.15
PCourses
LCourses
^
D22/12'2019
CX
T250.00
PEmilye
^
D23/12'2019
CX
T45.55
PPrice Minister
LLoisirs-culture:Informatique
^
D23/12'2019
CX
T-21.30
PAmazon
LLoisirs-culture:Informatique
^
D24/12'2019
CX
T-35.72
PCourses
LCourses
^
D26/12'2019
CX
T-300.00
PVirement
L[B For Bank]
^
D28/12'2019
CX
T-48.08
LVirmt vers un compte supprimé
^
D31/12'2019
CX
T-4.00
PWWF
LDivers
^
D31/12'2019
CX
T-41.71
PCourses
LCourses
^
D31/12'2019
CX
T-33.00
PFleurs
LDivers
^
D31/12'2019
CX
T-81.84
PCourses
LCourses
^
D31/12'2019
CX
T-63.00
PGazole
LAutomobile:Carburant
^
D01/01'2020
CX
MAGPM
T-22.94
PGarantie PN
LAssurance:Vie
^
D01/01'2020
CX
MAGPM
T-25.05
PObjectif prévoyance
LAssurance:Vie
^
D01/01'2020
CX
T-150.00
PVirement
LVirmt vers un compte supprimé
^
D01/01'2020
CX
T-54.96
PAssurance Laguna
LAssurance:Automobile
^
D01/01'2020
CX
T-47.25
PAssurance Clio
LAssurance:Automobile
^
D01/01'2020
CX
T-40.48
PAssurance Twingo
LAssurance:Automobile
^
D01/01'2020
CX
T-6.87
PAssurance crédit
LAssurance:Crédit
^
D01/01'2020
CX
T-204.80
PCrédit IGESA
LPrêt
^
D01/01'2020
CX
T-25.00
PCotisation mensuelle
LFrais bancaires
^
D02/01'2020
CX
MAGPM
T-62.65
PAssurance prêt
LAssurance:Crédit immobilier
^
D02/01'2020
CX
T-55.70
PLeroy Merlin
LLogement:Bricolage
^
D02/01'2020
CX
T-103.40
PRestaurant
LAlimentation:Restaurant
^
D02/01'2020
CX
T-59.18
PAGPM
^
D03/01'2020
CX
T-36.90
PCourses
LCourses
^
D04/01'2020
CX
T-219.40
PGAN
LAssurance:Vie
^
D04/01'2020
CX
T-40.09
PWeldom
LLogement:Bricolage
^
D04/01'2020
CX
T-63.00
PGazole
LAutomobile:Carburant
^
D05/01'2020
CX
T-178.00
PDirect Energie
LLogement:Électricité
^
D05/01'2020
CX
T-16.26
PServElite
LLogement:Chauffage
^
D06/01'2020
CX
T-17.94
PCanal +
LLoisirs-culture:Cinéma-spectacle
^
D06/01'2020
CX
T-1.25
PCourses
LCourses
^
D06/01'2020
CX
T-254.51
PCrédit conso
LCrédit
^
D07/01'2020
CX
T-1,465.15
PCrédit immobilier
LLogement:Remb. prêt immob. (capital)
^
D08/01'2020
CX
T-228.65
PAmazon
LLoisirs-culture:Informatique
^
D08/01'2020
CX
T72.00
PDirect Energie
LLogement:Électricité
^
D09/01'2020
CX
T-43.80
PWeldom
LLogement:Bricolage
^
D10/01'2020
CX
T-115.04
PMutuelle
LSanté:Mutuelle
^
D10/01'2020
CX
T-61.15
PCourses
LCourses
^
D12/01'2020
CX
T-33.83
PAmazon
LLoisirs-culture:Informatique
^
D13/01'2020
CX
T-25.73
PAmazon
LLoisirs-culture:Informatique
^
D13/01'2020
CX
T317.65
PFrais de mission
^
D13/01'2020
CX
T-77.22
PLeroy Merlin
LLogement:Bricolage
^
D13/01'2020
CX
T-87.20
PCourses
LCourses
^
D13/01'2020
CX
T-59.34
PDentiste
LSanté:Dentiste
^
D13/01'2020
CX
T-90.20
PLeroy Merlin
LLogement:Bricolage
^
D15/01'2020
CX
T-130.00
PTaxe d'habitation
LImpôts:Impôts locaux
^
D15/01'2020
CX
T-84.00
PImpôts fonciers
LImpôts:Fonciers
^
D15/01'2020
CX
T-200.00
PCARAC RMC
L[CARAC RMC]
^
D15/01'2020
CX
T-47.83
PCourses
LCourses
^
D15/01'2020
CX
T-67.50
PRestaurant
LAlimentation:Restaurant
^
D15/01'2020
CX
T55.46
PRemboursement mutuelle
LSanté:Mutuelle
^
D16/01'2020
CX
T-40.90
PAssurance maison
LAssurance:Habitation
^
D16/01'2020
CX
T-29.89
PAmazon
LLoisirs-culture:Informatique
^
D16/01'2020
CX
T544.00
PFrais de mission
^
D17/01'2020
CX
T-34.99
POrange
LLogement:Téléphone
^
D17/01'2020
CX
T70.03
PFrais de mission
^
D17/01'2020
CX
T32.81
PRemboursement mutuelle
LSanté:Mutuelle
^
D17/01'2020
CX
T-86.98
POrange
LLogement:Téléphone
^
D18/01'2020
CX
T-30.00
PFleurs
LDivers
^
D18/01'2020
CX
T-50.00
N813
PMédecin
LSanté
^
D19/01'2020
CX
T-110.00
PCourses
LCourses
^
D21/01'2020
CX
T-11.22
PAmazon
LLoisirs-culture:Informatique
^
D21/01'2020
CX
T14.00
PRemboursement mutuelle
LSanté:Mutuelle
^
D22/01'2020
CX
T-0.99
PCourses
LCourses
^
D22/01'2020
CX
T-0.99
PCourses
LCourses
^
D23/01'2020
CX
T17.50
PFrais de mission
^
D26/01'2020
CX
T-300.00
PVirement
L[B For Bank]
^
D27/01'2020
CX
T4,706.25
PSolde
LTraitements et salaires:Salaire net
^
D28/01'2020
CX
T-85.00
PGazole
LAutomobile:Carburant
^
D31/01'2020
CX
T-4.00
PWWF
LDivers
^
D01/02'2020
CX
MAGPM
T-22.94
PGarantie PN
LAssurance:Vie
^
D01/02'2020
CX
MAGPM
T-25.05
PObjectif prévoyance
LAssurance:Vie
^
D01/02'2020
CX
T-150.00
PVirement
LVirmt vers un compte supprimé
^
D01/02'2020
CX
T-54.96
PAssurance Laguna
LAssurance:Automobile
^
D01/02'2020
CX
T-47.25
PAssurance Clio
LAssurance:Automobile
^
D01/02'2020
CX
T-40.48
PAssurance Twingo
LAssurance:Automobile
^
D01/02'2020
CX
T-204.80
PCrédit IGESA
LPrêt
^
D01/02'2020
CX
T-25.00
PCotisation mensuelle
LFrais bancaires
^
D01/02'2020
CX
T-73.33
PCourses
LCourses
^
D02/02'2020
CX
MAGPM
T-62.65
PAssurance prêt
LAssurance:Crédit immobilier
^
D03/02'2020
CX
T315.80
PAGPM
LAssurance:Automobile
^
D03/02'2020
CX
T574.00
PImpôts fonciers
LImpôts:Impôt sur le revenu
^
D04/02'2020
CX
T-219.40
PGAN
LAssurance:Vie
^
D05/02'2020
CX
T-178.00
PDirect Energie
LLogement:Électricité
^
D05/02'2020
CX
T-16.30
PServElite
LLogement:Chauffage
^
D05/02'2020
CX
T-17.72
PCDiscount
LLoisirs-culture:Informatique
^
D06/02'2020
CX
T-17.94
PCanal +
LLoisirs-culture:Cinéma-spectacle
^
D06/02'2020
CX
T-254.51
PCrédit conso
LCrédit
^
D06/02'2020
CX
T-19.91
PAmazon
LLoisirs-culture:Informatique
^
D07/02'2020
CX
T-1,465.15
PCrédit immobilier
LLogement:Remb. prêt immob. (capital)
^
D07/02'2020
CX
T-33.79
PServElite
LLogement:Chauffage
^
D08/02'2020
CX
T-139.19
PLeroy Merlin
LLogement:Bricolage
^
D08/02'2020
CX
T-53.79
PLeroy Merlin
LLogement:Bricolage
^
D10/02'2020
CX
T-115.69
PMutuelle
LSanté:Mutuelle
^
D14/02'2020
CX
T-58.78
PAmazon
LLoisirs-culture:Informatique
^
D14/02'2020
CX
T-73.50
PFleurs
LDivers
^
D14/02'2020
CX
T-44.99
PWeldom
LLogement:Bricolage
^
D15/02'2020
CX
T-130.00
PTaxe d'habitation
LImpôts:Impôts locaux
^
D15/02'2020
CX
T-84.00
PImpôts fonciers
LImpôts:Fonciers
^
D15/02'2020
CX
T-200.00
PCARAC RMC
L[CARAC RMC]
^
D15/02'2020
CX
T-83.16
PAmazon
LLoisirs-culture:Informatique
^
D16/02'2020
CX
T-40.90
PAssurance maison
LAssurance:Habitation
^
D17/02'2020
CX
T-34.99
POrange
LLogement:Téléphone
^
D17/02'2020
CX
T-87.07
POrange
LLogement:Téléphone
^
D18/02'2020
CX
T-57.50
PRestaurant
LAlimentation:Restaurant
^
D19/02'2020
CX
T-77.00
PGazole
LAutomobile:Carburant
^
D22/02'2020
CX
T-256.00
PAssurance voyage
LVacances:Voyage
^
D22/02'2020
CX
T-1,190.78
PBillets avion
LVacances:Voyage
^
D22/02'2020
CX
T-380.44
PHôtel
LVacances:Logement
^
D22/02'2020
CX
T-44.83
PCourses
LCourses
^
D22/02'2020
CX
T-0.99
PCourses
LCourses
^
D23/02'2020
CX
T-130.00
PLeroy Merlin
LLogement:Bricolage
^
D24/02'2020
CX
T4,767.02
PSolde
LTraitements et salaires:Salaire net
^
D25/02'2020
CX
T-868.00
PEgypte
LVacances:Egypte
^
D25/02'2020
CX
T-221.48
PBillets avion
LVacances:Voyage
^
D25/02'2020
CX
T2,000.00
PEmilye
^
D26/02'2020
CX
T-300.00
PVirement
L[B For Bank]
^
D26/02'2020
CX
T-120.00
PO2
LLogement:Jardin
^
D28/02'2020
CX
T-74.50
PLeroy Merlin
LLogement:Bricolage
^
D28/02'2020
CX
T-58.00
PHôtel
LVacances:Logement
^
D28/02'2020
CX
T-50.00
PGazole
LAutomobile:Carburant
^
D29/02'2020
CX
T-4.00
PWWF
LDivers
^
D29/02'2020
CX
T-150.00
N816
PRestaurant
LAlimentation:Restaurant
^
D01/03'2020
CX
MAGPM
T-22.94
PGarantie PN
LAssurance:Vie
^
D01/03'2020
CX
MAGPM
T-25.05
PObjectif prévoyance
LAssurance:Vie
^
D01/03'2020
CX
T-150.00
PVirement
LVirmt vers un compte supprimé
^
D01/03'2020
CX
T-54.96
PAssurance Laguna
LAssurance:Automobile
^
D01/03'2020
CX
T-47.25
PAssurance Clio
LAssurance:Automobile
^
D01/03'2020
CX
T-40.81
PAssurance Twingo
LAssurance:Automobile
^
D01/03'2020
CX
T-204.80
PCrédit IGESA
LPrêt
^
D01/03'2020
CX
T-25.00
PCotisation mensuelle
LFrais bancaires
^
D02/03'2020
CX
MAGPM
T-62.65
PAssurance prêt
LAssurance:Crédit immobilier
^
D02/03'2020
CX
T-52.70
PSNCF
LTransports
^
D02/03'2020
CX
T-41.50
PSNCF
LTransports
^
D02/03'2020
CX
T-62.01
PAmazon
LLoisirs-culture:Informatique
^
D02/03'2020
CX
T-119.79
PMédecin
LSanté
^
D04/03'2020
CX
T-219.40
PGAN
LAssurance:Vie
^
D05/03'2020
CX
T-178.00
PDirect Energie
LLogement:Électricité
^
D05/03'2020
CX
T-16.64
PServElite
LLogement:Chauffage
^
D05/03'2020
CX
T-1.25
PCourses
LCourses
^
D06/03'2020
CX
T-17.94
PCanal +
LLoisirs-culture:Cinéma-spectacle
^
D06/03'2020
CX
T-254.51
PCrédit conso
LCrédit
^
D06/03'2020
CX
T-95.77
POrange
LLogement:Téléphone
^
D06/03'2020
CX
T196.62
PFrais de mission
^
D06/03'2020
CX
T-73.00
PGazole
LAutomobile:Carburant
^
D07/03'2020
CX
T-1,465.15
PCrédit immobilier
LLogement:Remb. prêt immob. (capital)
^
D07/03'2020
CX
T-143.99
PManoMano
LLogement:Bricolage
^
D08/03'2020
CX
T-318.98
PAmazon
LLoisirs-culture:Informatique
^
D08/03'2020
CX
T300.00
LVirmt depuis un compte supprimé
^
D09/03'2020
CX
T47.90
PRemboursement mutuelle
LSanté:Mutuelle
^
D09/03'2020
CX
T68.39
PRemboursement sécurité sociale
LSanté:Remboursement
^
D10/03'2020
CX
T-115.69
PMutuelle
LSanté:Mutuelle
^
D10/03'2020
CX
T-34.99
POrange
LLogement:Téléphone
^
D11/03'2020
CX
T-126.32
PCourses
LCourses
^
D12/03'2020
CX
T9.00
PRemboursement mutuelle
LSanté:Mutuelle
^
D12/03'2020
CX
T19.50
PRemboursement sécurité sociale
LSanté:Remboursement
^
D13/03'2020
CX
T-89.00
PRenault
LAutomobile:Réparations-entretien
^
D14/03'2020
CX
T-37.87
PAmazon
LLoisirs-culture:Informatique
^
D14/03'2020
CX
T-50.01
PAmazon
LLoisirs-culture:Informatique
^
D14/03'2020
CX
T-78.56
PCourses
LCourses
^
D15/03'2020
CX
T-130.00
PTaxe d'habitation
LImpôts:Impôts locaux
^
D15/03'2020
CX
T-84.00
PImpôts fonciers
LImpôts:Fonciers
^
D15/03'2020
CX
T-200.00
PCARAC RMC
L[CARAC RMC]
^
D16/03'2020
CX
T-40.90
PAssurance maison
LAssurance:Habitation
^
D17/03'2020
CX
T-79.50
PNespresso
LCourses
^
D17/03'2020
CX
T-44.00
PCourses
LCourses
^
D22/03'2020
CX
T-0.99
PCourses
LCourses
^
D24/03'2020
CX
T4,767.02
PSolde
LTraitements et salaires:Salaire net
^
D26/03'2020
CX
T-300.00
PVirement
L[B For Bank]
^
D27/03'2020
CX
T-126.27
PEau
LLogement:Eau
^
D31/03'2020
CX
T-4.00
PWWF
LDivers
^
D31/03'2020
CX
T-15.30
PPéage
LVacances:Voyage
^
D01/04'2020
CX
MAGPM
T-22.94
PGarantie PN
LAssurance:Vie
^
D01/04'2020
CX
MAGPM
T-25.05
PObjectif prévoyance
LAssurance:Vie
^
D01/04'2020
CX
T-150.00
PVirement
LVirmt vers un compte supprimé
^
D01/04'2020
CX
T-54.96
PAssurance Laguna
LAssurance:Automobile
^
D01/04'2020
CX
T-47.25
PAssurance Clio
LAssurance:Automobile
^
D01/04'2020
CX
T-40.48
PAssurance Twingo
LAssurance:Automobile
^
D01/04'2020
CX
T-1.56
PAssurance crédit
LAssurance:Crédit
^
D01/04'2020
CX
T-204.80
PCrédit IGESA
LPrêt
^
D01/04'2020
CX
T-25.00
PCotisation mensuelle
LFrais bancaires
^
D02/04'2020
CX
MAGPM
T-62.65
PAssurance prêt
LAssurance:Crédit immobilier
^
D02/04'2020
CX
T-49.00
PGazole
LAutomobile:Carburant
^
D04/04'2020
CX
T-219.40
PGAN
LAssurance:Vie
^
D05/04'2020
CX
T-178.00
PDirect Energie
LLogement:Électricité
^
D05/04'2020
CX
T-16.64
PServElite
LLogement:Chauffage
^
D06/04'2020
CX
T-17.94
PCanal +
LLoisirs-culture:Cinéma-spectacle
^
D06/04'2020
CX
T-254.51
PCrédit conso
LCrédit
^
D06/04'2020
CX
T-1.25
PCourses
LCourses
^
D07/04'2020
CX
T-1,465.15
PCrédit immobilier
LLogement:Remb. prêt immob. (capital)
^
D10/04'2020
CX
T-115.69
PMutuelle
LSanté:Mutuelle
^
D13/04'2020
CX
T-289.00
PAmazon
LLoisirs-culture:Informatique
^
D14/04'2020
CX
T-140.01
PAmazon
LLoisirs-culture:Informatique
^
D15/04'2020
CX
T-130.00
PTaxe d'habitation
LImpôts:Impôts locaux
^
D15/04'2020
CX
T-84.00
PImpôts fonciers
LImpôts:Fonciers
^
D15/04'2020
CX
T-200.00
PCARAC RMC
L[CARAC RMC]
^
D15/04'2020
CX
T94.20
PSNCF
LTransports
^
D15/04'2020
CX
T-53.20
PO2
LLogement:Jardin
^
D15/04'2020
CX
T-163.88
PAmazon
LLoisirs-culture:Informatique
^
D16/04'2020
CX
T-40.90
PAssurance maison
LAssurance:Habitation
^
D17/04'2020
CX
T-34.99
POrange
LLogement:Téléphone
^
D17/04'2020
CX
T-152.36
PCourses
LCourses
^
D20/04'2020
CX
T-86.98
POrange
LLogement:Téléphone
^
D22/04'2020
CX
T-122.00
PAmazon
LLoisirs-culture:Informatique
^
D22/04'2020
CX
T-0.99
PCourses
LCourses
^
D23/04'2020
CX
T-19.99
PCourses
LCourses
^
D24/04'2020
CX
T4,767.02
PSolde
LTraitements et salaires:Salaire net
^
D24/04'2020
CX
T-150.00
PGuillaume
LEnfants:Frais divers
^
D26/04'2020
CX
T-300.00
PVirement
L[B For Bank]
^
D28/04'2020
CX
T500.00
PEmilye
^
D30/04'2020
CX
T-4.00
PWWF
LDivers
^
D01/05'2020
CX
MAGPM
T-22.94
PGarantie PN
LAssurance:Vie
^
D01/05'2020
CX
MAGPM
T-25.38
PObjectif prévoyance
LAssurance:Vie
^
D01/05'2020
CX
T-150.00
PVirement
LVirmt vers un compte supprimé
^
D01/05'2020
CX
T-61.84
PAssurance Laguna
LAssurance:Automobile
^
D01/05'2020
CX
T-47.25
PAssurance Clio
LAssurance:Automobile
^
D01/05'2020
CX
T-35.81
PAssurance Twingo
LAssurance:Automobile
^
D01/05'2020
CX
T-204.80
PCrédit IGESA
LPrêt
^
D01/05'2020
CX
T-25.00
PCotisation mensuelle
LFrais bancaires
^
D01/05'2020
CX
T-30.00
PAGPM
LAssurance:Automobile
^
D02/05'2020
CX
MAGPM
T-62.65
PAssurance prêt
LAssurance:Crédit immobilier
^
D04/05'2020
CX
T-219.40
PGAN
LAssurance:Vie
^
D04/05'2020
CX
T-1.25
PCourses
LCourses
^
D05/05'2020
CX
T-178.00
PDirect Energie
LLogement:Électricité
^
D05/05'2020
CX
T-16.64
PServElite
LLogement:Chauffage
^
D05/05'2020
CX
T-86.98
POrange
LLogement:Téléphone
^
D06/05'2020
CX
T-17.94
PCanal +
LLoisirs-culture:Cinéma-spectacle
^
D06/05'2020
CX
T-254.51
PCrédit conso
LCrédit
^
D07/05'2020
CX
T-1,465.15
PCrédit immobilier
LLogement:Remb. prêt immob. (capital)
^
D09/05'2020
CX
T-29.99
PCourses
LCourses
^
D10/05'2020
CX
T-115.69
PMutuelle
LSanté:Mutuelle
^
D11/05'2020
CX
T-45.90
PWeldom
LLogement:Bricolage
^
D11/05'2020
CX
T-54.33
PCourses
LCourses
^
D12/05'2020
CX
T-24.90
PCourses
LCourses
^
D13/05'2020
CX
T15.00
PRemboursement mutuelle
LSanté:Mutuelle
^
D15/05'2020
CX
T-130.00
PTaxe d'habitation
LImpôts:Impôts locaux
^
D15/05'2020
CX
T-84.00
PImpôts fonciers
LImpôts:Fonciers
^
D15/05'2020
CX
T-200.00
PCARAC RMC
L[CARAC RMC]
^
D15/05'2020
CX
T-60.00
N417
PHôtel
LVacances:Logement
^
D16/05'2020
CX
T-40.90
PAssurance maison
LAssurance:Habitation
^
D17/05'2020
CX
T-34.99
POrange
LLogement:Téléphone
^
D20/05'2020
CX
T-71.00
PAmazon
LLoisirs-culture:Informatique
^
D20/05'2020
CX
T380.44
PHôtel
LVacances:Logement
^
D22/05'2020
CX
T-0.99
PCourses
LCourses
^
D25/05'2020
CX
T4,767.02
PSolde
LTraitements et salaires:Salaire net
^
D26/05'2020
CX
T-300.00
PVirement
L[B For Bank]
^
D26/05'2020
CX
T-1,200.00
LVirmt vers un compte supprimé
^
D27/05'2020
CX
T-44.29
PAmazon
LLoisirs-culture:Informatique
^
D27/05'2020
CX
T-20.61
PAmazon
LLoisirs-culture:Informatique
^
D28/05'2020
CX
T500.00
PEmilye
^
D29/05'2020
CX
T-123.05
PO2
LLogement:Jardin
^
D29/05'2020
CX
T122.50
PFrais de mission
^
D29/05'2020
CX
T-60.00
PGazole
LAutomobile:Carburant
^
D31/05'2020
CX
T-4.00
PWWF
LDivers
^
D01/06'2020
CX
MAGPM
T-22.94
PGarantie PN
LAssurance:Vie
^
D01/06'2020
CX
MAGPM
T-25.38
PObjectif prévoyance
LAssurance:Vie
^
D01/06'2020
CX
T-150.00
PVirement
LVirmt vers un compte supprimé
^
D01/06'2020
CX
T-61.84
PAssurance Laguna
LAssurance:Automobile
^
D01/06'2020
CX
T-47.25
PAssurance Clio
LAssurance:Automobile
^
D01/06'2020
CX
T-29.91
PAssurance Twingo
LAssurance:Automobile
^
D01/06'2020
CX
T-204.80
PCrédit IGESA
LPrêt
^
D01/06'2020
CX
T-25.00
PCotisation mensuelle
LFrais bancaires
^
D02/06'2020
CX
MAGPM
T-62.65
PAssurance prêt
LAssurance:Crédit immobilier
^
D02/06'2020
CX
T0.12
PCourses
LCourses
^
D03/06'2020
CX
T-318.80
PAmazon
LLoisirs-culture:Informatique
^
D04/06'2020
CX
T-219.40
PGAN
LAssurance:Vie
^
D05/06'2020
CX
T-269.75
PDirect Energie
LLogement:Électricité
^
D05/06'2020
CX
T-16.64
PServElite
LLogement:Chauffage
^
D05/06'2020
CX
T-69.12
PCourses
LCourses
^
D05/06'2020
CX
T-86.98
POrange
LLogement:Téléphone
^
D05/06'2020
CX
T-41.55
PCourses
LCourses
^
D05/06'2020
CX
T-44.32
PWeldom
LLogement:Bricolage
^
D05/06'2020
CX
T-1.25
PCourses
LCourses
^
D06/06'2020
CX
T-17.94
PCanal +
LLoisirs-culture:Cinéma-spectacle
^
D06/06'2020
CX
T-254.51
PCrédit conso
LCrédit
^
D06/06'2020
CX
T-121.90
PRestaurant
LAlimentation:Restaurant
^
D07/06'2020
CX
T-1,465.15
PCrédit immobilier
LLogement:Remb. prêt immob. (capital)
^
D08/06'2020
CX
T-34.99
POrange
LLogement:Téléphone
^
D10/06'2020
CX
T-115.69
PMutuelle
LSanté:Mutuelle
^
D11/06'2020
CX
T-65.00
PGazole
LAutomobile:Carburant
^
D11/06'2020
CX
T-87.00
N819
PRamonage
LLogement:Bricolage
^
D13/06'2020
CX
T-115.00
PRestaurant
LAlimentation:Restaurant
^
D13/06'2020
CX
T-190.00
PCourses
LCourses
^
D14/06'2020
CX
T1,500.00
LVirmt depuis un compte supprimé
^
D14/06'2020
CX
T39.00
PPrice Minister
LLoisirs-culture:Informatique
^
D15/06'2020
CX
T-130.00
PTaxe d'habitation
LImpôts:Impôts locaux
^
D15/06'2020
CX
T-84.00
PImpôts fonciers
LImpôts:Fonciers
^
D15/06'2020
CX
T-200.00
PCARAC RMC
L[CARAC RMC]
^
D15/06'2020
CX
T-180.00
PO2
LLogement:Jardin
^
D15/06'2020
CX
T-57.92
PMammy
^
D16/06'2020
CX
T-40.90
PAssurance maison
LAssurance:Habitation
^
D17/06'2020
CX
T50.00
PChèque
^
D17/06'2020
CX
T-150.00
PRetrait
LRetrait d'espèces
^
D18/06'2020
CX
T-119.93
PLa Redoute
LHabillement
^
D19/06'2020
CX
T7.50
PRemboursement mutuelle
LSanté:Mutuelle
^
D22/06'2020
CX
T-0.99
PCourses
LCourses
^
D23/06'2020
CX
T-69.01
PGazole
LAutomobile:Carburant
^
D25/06'2020
CX
T4,868.03
PSolde
LTraitements et salaires:Salaire net
^
D26/06'2020
CX
T-300.00
PVirement
L[B For Bank]
^
D26/06'2020
CX
T-46.90
PCourses
LCourses
^
D27/06'2020
CX
T-156.98
PDarty
LLogement:Électroménager
^
D28/06'2020
CX
T-2,398.00
PAppareil photo
LLoisirs-culture:Informatique
^
D28/06'2020
CX
T-141.50
PCourses
LCourses
^
D28/06'2020
CX
T-43.80
PAmazon
LLoisirs-culture:Informatique
^
D28/06'2020
CX
T-34.90
PAmazon
LLoisirs-culture:Informatique
^
D29/06'2020
CX
T17.50
PFrais de mission
^
D29/06'2020
CX
T500.00
PEmilye
^
D30/06'2020
CX
T-4.00
PWWF
LDivers
^
D01/07'2020
CX
MAGPM
T-22.94
PGarantie PN
LAssurance:Vie
^
D01/07'2020
CX
MAGPM
T-25.38
PObjectif prévoyance
LAssurance:Vie
^
D01/07'2020
CX
T-150.00
PVirement
LVirmt vers un compte supprimé
^
D01/07'2020
CX
T-55.94
PAssurance Laguna
LAssurance:Automobile
^
D01/07'2020
CX
T-47.25
PAssurance Clio
LAssurance:Automobile
^
D01/07'2020
CX
T-35.81
PAssurance Twingo
LAssurance:Automobile
^
D01/07'2020
CX
T-204.80
PCrédit IGESA
LPrêt
^
D01/07'2020
CX
T-25.00
PCotisation mensuelle
LFrais bancaires
^
D01/07'2020
CX
T38.32
PCourses
LCourses
^
D01/07'2020
CX
T23.36
PIntérêts
^
D02/07'2020
CX
MAGPM
T-62.65
PAssurance prêt
LAssurance:Crédit immobilier
^
D03/07'2020
CX
T-37.14
PCourses
LCourses
^
D04/07'2020
CX
T-219.40
PGAN
LAssurance:Vie
^
D04/07'2020
CX
T-63.69
POrdures ménagères
LLogement:Charges
^
D04/07'2020
CX
T-119.87
PHôtel
LVacances:Logement
^
D05/07'2020
CX
T-200.00
PDirect Energie
LLogement:Électricité
^
D05/07'2020
CX
T-16.64
PServElite
LLogement:Chauffage
^
D06/07'2020
CX
T-17.94
PCanal +
LLoisirs-culture:Cinéma-spectacle
^
D06/07'2020
CX
T-254.51
PCrédit conso
LCrédit
^
D06/07'2020
CX
T-1.25
PCourses
LCourses
^
D07/07'2020
CX
T-1,465.15
PCrédit immobilier
LLogement:Remb. prêt immob. (capital)
^
D07/07'2020
CX
T-60.00
PRetrait
LRetrait d'espèces
^
D07/07'2020
CX
T-71.93
PGazole
LAutomobile:Carburant
^
D08/07'2020
CX
T-20.30
PCourses
LCourses
^
D10/07'2020
CX
T-34.99
POrange
LLogement:Téléphone
^
D10/07'2020
CX
T-115.69
PMutuelle
LSanté:Mutuelle
^
D10/07'2020
CX
T17.50
PFrais de mission
^
D10/07'2020
CX
T-45.00
PAmazon
LLoisirs-culture:Informatique
^
D11/07'2020
CX
T-50.00
PRetrait
LRetrait d'espèces
^
D13/07'2020
CX
T-119.86
PHôtel
LVacances:Logement
^
D13/07'2020
CX
T-267.82
PAmazon
LLoisirs-culture:Informatique
^
D15/07'2020
CX
T-130.00
PTaxe d'habitation
LImpôts:Impôts locaux
^
D15/07'2020
CX
T-84.00
PImpôts fonciers
LImpôts:Fonciers
^
D15/07'2020
CX
T-200.00
PCARAC RMC
L[CARAC RMC]
^
D15/07'2020
CX
T-23.64
PMédecin
LSanté
^
D15/07'2020
CX
T-97.40
PNespresso
LCourses
^
D16/07'2020
CX
T-40.90
PAssurance maison
LAssurance:Habitation
^
D16/07'2020
CX
T-15.40
PPéage
LVacances:Voyage
^
D16/07'2020
CX
T-31.97
PAmazon
LLoisirs-culture:Informatique
^
D16/07'2020
CX
T-45.47
PLa Redoute
LHabillement
^
D17/07'2020
CX
T-89.69
POrange
LLogement:Téléphone
^
D17/07'2020
CX
T852.00
PImpôts sur le revenu
LImpôts:Impôt sur le revenu
^
D18/07'2020
CX
T-41.80
PJardiland
LLogement:Jardin
^
D21/07'2020
CX
T-61.01
PGazole
LAutomobile:Carburant
^
D21/07'2020
CX
T-82.60
PRestaurant
LAlimentation:Restaurant
^
D22/07'2020
CX
T-0.99
PCourses
LCourses
^
D22/07'2020
CX
T-13.80
PAmazon
LLoisirs-culture:Informatique
^
D23/07'2020
CX
T23.64
PRemboursement mutuelle
LSanté:Mutuelle
^
D23/07'2020
CX
T-62.01
PGazole
LAutomobile:Carburant
^
D24/07'2020
CX
T4,702.12
PSolde
LTraitements et salaires:Salaire net
^
D24/07'2020
CX
T-11.99
PCourses
LCourses
^
D24/07'2020
CX
T-12.99
PCourses
LCourses
^
D26/07'2020
CX
T-300.00
PVirement
L[B For Bank]
^
D29/07'2020
CX
T-61.20
PHôtel
LVacances:Logement
^
D31/07'2020
CX
T-4.00
PWWF
LDivers
^
D31/07'2020
CX
T-50.00
PRetrait
LRetrait d'espèces
^
D31/07'2020
CX
T-72.00
PRestaurant
LAlimentation:Restaurant
^
D01/08'2020
CX
MAGPM
T-22.94
PGarantie PN
LAssurance:Vie
^
D01/08'2020
CX
MAGPM
T-25.38
PObjectif prévoyance
LAssurance:Vie
^
D01/08'2020
CX
T-150.00
PVirement
LVirmt vers un compte supprimé
^
D01/08'2020
CX
T-61.84
PAssurance Laguna
LAssurance:Automobile
^
D01/08'2020
CX
T-47.25
PAssurance Clio
LAssurance:Automobile
^
D01/08'2020
CX
T-34.86
PAssurance Twingo
LAssurance:Automobile
^
D01/08'2020
CX
T-204.80
PCrédit IGESA
LPrêt
^
D01/08'2020
CX
T-25.00
PCotisation mensuelle
LFrais bancaires
^
D02/08'2020
CX
T-49.10
PGazole
LAutomobile:Carburant
^
D02/08'2020
CX
T-64.90
PCourses
LCourses
^
D02/08'2020
CX
T-46.78
PCourses
LCourses
^
D02/08'2020
CX
MAGPM
T-62.65
PAssurance prêt
LAssurance:Crédit immobilier
^
D04/08'2020
CX
T-73.40
PCourses
LCourses
^
D04/08'2020
CX
T-88.06
POrange
LLogement:Téléphone
^
D04/08'2020
CX
T-219.40
PGAN
LAssurance:Vie
^
D05/08'2020
CX
T-200.00
PDirect Energie
LLogement:Électricité
^
D05/08'2020
CX
T-16.64
PServElite
LLogement:Chauffage
^
D05/08'2020
CX
T-1.25
PCourses
LCourses
^
D06/08'2020
CX
T-17.94
PCanal +
LLoisirs-culture:Cinéma-spectacle
^
D06/08'2020
CX
T-254.51
PCrédit conso
LCrédit
^
D07/08'2020
CX
T-1,465.15
PCrédit immobilier
LLogement:Remb. prêt immob. (capital)
^
D08/08'2020
CX
T-58.50
PHôtel
LVacances:Logement
^
D08/08'2020
CX
T-76.00
PCourses
LCourses
^
D08/08'2020
CX
T-38.40
PRestaurant
LAlimentation:Restaurant
^
D09/08'2020
CX
T-100.80
PAmazon
LLoisirs-culture:Informatique
^
D09/08'2020
CX
T-64.01
PGazole
LAutomobile:Carburant
^
D10/08'2020
CX
T-115.69
PMutuelle
LSanté:Mutuelle
^
D11/08'2020
CX
T-8.01
PHôtel
LVacances:Logement
^
D13/08'2020
CX
T120.00
PAppareil photo
LLoisirs-culture:Informatique
^
D14/08'2020
CX
T-50.00
PRetrait
LRetrait d'espèces
^
D15/08'2020
CX
T-130.00
PTaxe d'habitation
LImpôts:Impôts locaux
^
D15/08'2020
CX
T-84.00
PImpôts fonciers
LImpôts:Fonciers
^
D15/08'2020
CX
T-200.00
PCARAC RMC
L[CARAC RMC]
^
D16/08'2020
CX
T-40.90
PAssurance maison
LAssurance:Habitation
^
D16/08'2020
CX
T-50.95
PLeroy Merlin
LLogement:Bricolage
^
D17/08'2020
CX
T-34.99
POrange
LLogement:Téléphone
^
D17/08'2020
CX
T-56.60
PPéage
LVacances:Voyage
^
D18/08'2020
CX
T-61.19
PCourses
LCourses
^
D19/08'2020
CX
T-60.01
PGazole
LAutomobile:Carburant
^
D22/08'2020
CX
T-64.50
PRestaurant
LAlimentation:Restaurant
^
D22/08'2020
CX
T-51.89
PLeroy Merlin
LLogement:Bricolage
^
D22/08'2020
CX
T-71.70
PGazole
LAutomobile:Carburant
^
D23/08'2020
CX
T-65.00
PCourses
LCourses
^
D23/08'2020
CX
T-0.99
PCourses
LCourses
^
D24/08'2020
CX
T4,702.12
PSolde
LTraitements et salaires:Salaire net
^
D25/08'2020
CX
T-36.50
PSNCF
LTransports
^
D25/08'2020
CX
T-65.74
PCourses
LCourses
^
D25/08'2020
CX
T-60.00
PFleurs
LDivers
^
D26/08'2020
CX
T-300.00
PVirement
L[B For Bank]
^
D26/08'2020
CX
T-48.50
PCourses
LCourses
^
D28/08'2020
CX
T-261.64
PEau
LLogement:Eau
^
D29/08'2020
CX
T-36.50
PSNCF
LTransports
^
D30/08'2020
CX
T-16.10
PPhotos
LVacances
^
D31/08'2020
CX
T-4.00
PWWF
LDivers
^
D01/09'2020
CX
MAGPM
T-22.94
PGarantie PN
LAssurance:Vie
^
D01/09'2020
CX
MAGPM
T-25.38
PObjectif prévoyance
LAssurance:Vie
^
D01/09'2020
CX
T-150.00
PVirement
LVirmt vers un compte supprimé
^
D01/09'2020
CX
T-61.84
PAssurance Laguna
LAssurance:Automobile
^
D01/09'2020
CX
T-47.25
PAssurance Clio
LAssurance:Automobile
^
D01/09'2020
CX
T-28.96
PAssurance Twingo
LAssurance:Automobile
^
D01/09'2020
CX
T-204.80
PCrédit IGESA
LPrêt
^
D01/09'2020
CX
T-25.00
PCotisation mensuelle
LFrais bancaires
^
D02/09'2020
CX
MAGPM
T-62.65
PAssurance prêt
LAssurance:Crédit immobilier
^
D03/09'2020
CX
T-77.30
PGazole
LAutomobile:Carburant
^
D03/09'2020
CX
T-42.36
PCourses
LCourses
^
D04/09'2020
CX
T-231.20
PGAN
LAssurance:Vie
^
D04/09'2020
CX
T-86.98
POrange
LLogement:Téléphone
^
D04/09'2020
CX
T-36.50
PSNCF
LTransports
^
D05/09'2020
CX
T-200.00
PDirect Energie
LLogement:Électricité
^
D05/09'2020
CX
T-16.64
PServElite
LLogement:Chauffage
^
D05/09'2020
CX
T-49.80
PJardiland
LLogement:Jardin
^
D05/09'2020
CX
T-50.00
PCourses
LCourses
^
D06/09'2020
CX
T-17.94
PCanal +
LLoisirs-culture:Cinéma-spectacle
^
D06/09'2020
CX
T-254.51
PCrédit conso
LCrédit
^
D06/09'2020
CX
T-43.50
PSNCF
LTransports
^
D06/09'2020
CX
T-76.97
PAmazon
LLoisirs-culture:Informatique
^
D06/09'2020
CX
T-36.50
PSNCF
LTransports
^
D07/09'2020
CX
T-1,465.15
PCrédit immobilier
LLogement:Remb. prêt immob. (capital)
^
D07/09'2020
CX
T-1.25
PCourses
LCourses
^
D08/09'2020
CX
T22.68
PRemboursement mutuelle
LSanté:Mutuelle
^
D10/09'2020
CX
T-115.69
PMutuelle
LSanté:Mutuelle
^
D11/09'2020
CX
T-1.99
PCourses
LCourses
^
D11/09'2020
CX
T-88.27
PHôtel
LVacances:Logement
^
D12/09'2020
CX
T-149.90
PCourses
LCourses
^
D12/09'2020
CX
T73.00
PSNCF
LTransports
^
D15/09'2020
CX
T-130.00
PTaxe d'habitation
LImpôts:Impôts locaux
^
D15/09'2020
CX
T-84.00
PImpôts fonciers
LImpôts:Fonciers
^
D15/09'2020
CX
T-200.00
PCARAC RMC
L[CARAC RMC]
^
D16/09'2020
CX
T-42.89
PAssurance maison
LAssurance:Habitation
^
D16/09'2020
CX
T-71.70
PPéage
LVacances:Voyage
^
D17/09'2020
CX
T-34.99
POrange
LLogement:Téléphone
^
D17/09'2020
CX
T-66.19
PAvion
LVacances:Voyage
^
D18/09'2020
CX
T-46.84
PCourses
LCourses
^
D18/09'2020
CX
T-93.69
PAvion
LVacances:Voyage
^
D20/09'2020
CX
T-54.10
PRestaurant
LAlimentation:Restaurant
^
D21/09'2020
CX
T-69.00
PGazole
LAutomobile:Carburant
^
D22/09'2020
CX
T-0.99
PCourses
LCourses
^
D26/09'2020
CX
T4,702.12
PSolde
LTraitements et salaires:Salaire net
^
D26/09'2020
CX
T-17.74
PCourses
LCourses
^
D26/09'2020
CX
T-59.52
PCourses
LCourses
^
D27/09'2020
CX
T-300.00
PVirement
L[B For Bank]
^
D27/09'2020
CX
T-27.90
PAmazon
LLoisirs-culture:Informatique
^
D29/09'2020
CX
T-31.26
PCourses
LCourses
^
D30/09'2020
CX
T-4.00
PWWF
LDivers
^
D01/10'2020
CX
MAGPM
T-22.94
PGarantie PN
LAssurance:Vie
^
D01/10'2020
CX
MAGPM
T-25.38
PObjectif prévoyance
LAssurance:Vie
^
D01/10'2020
CX
T-150.00
PVirement
LVirmt vers un compte supprimé
^
D01/10'2020
CX
T-61.84
PAssurance Laguna
LAssurance:Automobile
^
D01/10'2020
CX
T-47.15
PAssurance Clio
LAssurance:Automobile
^
D01/10'2020
CX
T-29.06
PAssurance Twingo
LAssurance:Automobile
^
D01/10'2020
CX
T-204.80
PCrédit IGESA
LPrêt
^
D01/10'2020
CX
T-25.00
PCotisation mensuelle
LFrais bancaires
^
D02/10'2020
CX
MAGPM
T-62.65
PAssurance prêt
LAssurance:Crédit immobilier
^
D03/10'2020
CX
T-250.00
PGuillaume
LEnfants:Frais divers
^
D04/10'2020
CX
T-231.20
PGAN
LAssurance:Vie
^
D05/10'2020
CX
T-200.00
PDirect Energie
LLogement:Électricité
^
D05/10'2020
CX
T-16.64
PServElite
LLogement:Chauffage
^
D05/10'2020
CX
T-55.00
PCourses
LCourses
^
D05/10'2020
CX
T-256.00
PHôtel
LVacances:Logement
^
D05/10'2020
CX
T-1.25
PCourses
LCourses
^
D06/10'2020
CX
T-17.94
PCanal +
LLoisirs-culture:Cinéma-spectacle
^
D06/10'2020
CX
T-50.00
PAmazon
LLoisirs-culture:Informatique
^
D06/10'2020
CX
T-68.00
PGazole
LAutomobile:Carburant
^
D07/10'2020
CX
T-1,465.15
PCrédit immobilier
LLogement:Remb. prêt immob. (capital)
^
D07/10'2020
CX
T300.00
PEmilye
^
D10/10'2020
CX
T-115.69
PMutuelle
LSanté:Mutuelle
^
D10/10'2020
CX
T-76.81
PLeroy Merlin
LLogement:Bricolage
^
D10/10'2020
CX
T-56.57
PHôtel
LVacances:Logement
^
D15/10'2020
CX
T-130.00
PTaxe d'habitation
LImpôts:Impôts locaux
^
D15/10'2020
CX
T-94.00
PImpôts fonciers
LImpôts:Fonciers
^
D15/10'2020
CX
T-200.00
PCARAC RMC
L[CARAC RMC]
^
D15/10'2020
CX
T-59.44
PCourses
LCourses
^
D16/10'2020
CX
T-42.95
PAssurance maison
LAssurance:Habitation
^
D16/10'2020
CX
T12.00
PRemboursement sécurité sociale
LSanté:Mutuelle
^
D16/10'2020
CX
T7.50
PRemboursement mutuelle
LSanté:Mutuelle
^
D16/10'2020
CX
T-91.97
POrange
LLogement:Téléphone
^
D17/10'2020
CX
T-34.99
POrange
LLogement:Téléphone
^
D20/10'2020
CX
T631.08
LVirmt depuis un compte supprimé
^
D20/10'2020
CX
T-207.32
PKiné
LSanté:Médecin
^
D20/10'2020
CX
T-59.00
PGazole
LAutomobile:Carburant
^
D22/10'2020
CX
T-200.00
PRetrait
LRetrait d'espèces
^
D22/10'2020
CX
T-0.99
PCourses
LCourses
^
D23/10'2020
CX
T-69.20
PSNCF
LTransports
^
D23/10'2020
CX
T-200.00
L[B For Bank]
^
D23/10'2020
CX
T-82.90
PRestaurant
LAlimentation:Restaurant
^
D25/10'2020
CX
T82.90
PRemboursement mutuelle
LSanté:Mutuelle
^
D26/10'2020
CX
T-300.00
PVirement
L[B For Bank]
^
D26/10'2020
CX
T115.42
PFrais de mission
^
D26/10'2020
CX
T4,772.98
PSolde
LTraitements et salaires:Salaire net
^
D26/10'2020
CX
T-56.00
PGazole
LAutomobile:Carburant
^
D26/10'2020
CX
T-791.40
PHôtel
LVacances:Logement
^
D27/10'2020
CX
T-43.50
PRestaurant
LAlimentation:Restaurant
^
D28/10'2020
CX
T19.00
PRemboursement mutuelle
LSanté:Mutuelle
^
D29/10'2020
CX
T-27.78
PCourses
LCourses
^
D29/10'2020
CX
T-44.67
PCourses
LCourses
^
D29/10'2020
CX
T-67.00
PGazole
LAutomobile:Carburant
^
D31/10'2020
CX
T-4.00
PWWF
LDivers
^
D31/10'2020
CX
T-25.73
PCourses
LCourses
^
D01/11'2020
CX
MAGPM
T-22.94
PGarantie PN
LAssurance:Vie
^
D01/11'2020
CX
MAGPM
T-25.38
PObjectif prévoyance
LAssurance:Vie
^
D01/11'2020
CX
T-150.00
PVirement
LVirmt vers un compte supprimé
^
D01/11'2020
CX
T-61.84
PAssurance Laguna
LAssurance:Automobile
^
D01/11'2020
CX
T-40.40
PAssurance Clio
LAssurance:Automobile
^
D01/11'2020
CX
T-35.81
PAssurance Twingo
LAssurance:Automobile
^
D01/11'2020
CX
T-204.80
PCrédit IGESA
LPrêt
^
D01/11'2020
CX
T-250.00
PGuillaume
LEnfants
^
D02/11'2020
CX
MAGPM
T-62.65
PAssurance prêt
LAssurance:Crédit immobilier
^
D02/11'2020
CX
T-8.00
PSNCF
LTransports
^
D03/11'2020
CX
T-41.79
PAvion
LVacances:Voyage
^
D04/11'2020
CX
T-231.20
PGAN
LAssurance:Vie
^
D05/11'2020
CX
T-200.00
PDirect Energie
LLogement:Électricité
^
D05/11'2020
CX
T-16.64
PServElite
LLogement:Chauffage
^
D05/11'2020
CX
T11.78
PRemboursement mutuelle
LSanté:Mutuelle
^
D05/11'2020
CX
T69.20
PSNCF
LTransports
^
D06/11'2020
CX
T-17.94
PCanal +
LLoisirs-culture:Cinéma-spectacle
^
D06/11'2020
CX
T-1.25
PCourses
LCourses
^
D07/11'2020
CX
T-1,465.15
PCrédit immobilier
LLogement:Remb. prêt immob. (capital)
^
D07/11'2020
CX
T-93.76
PCourses
LCourses
^
D09/11'2020
CX
T400.00
PEmilye
^
D09/11'2020
CX
T-105.01
PO2
LLogement:Jardin
^
D10/11'2020
CX
T-115.69
PMutuelle
LSanté:Mutuelle
^
D10/11'2020
CX
T13.02
PRemboursement mutuelle
LSanté:Mutuelle
^
D10/11'2020
CX
T-112.15
PLeroy Merlin
LLogement:Bricolage
^
D10/11'2020
CX
T-30.04
PScanner
LSanté:Hôpital
^
D11/11'2020
CX
T-150.00
PCourses
LCourses
^
D12/11'2020
CX
T-29.99
PCourses
LCourses
^
D13/11'2020
CX
T-40.80
PAmazon
LLoisirs-culture:Informatique
^
D15/11'2020
CX
T-9.00
PTaxe d'habitation
LImpôts:Impôts locaux
^
D15/11'2020
CX
T-200.00
PCARAC RMC
L[CARAC RMC]
^
D15/11'2020
CX
T-25.00
PAmazon
LLoisirs-culture:Informatique
^
D16/11'2020
CX
T-42.95
PAssurance maison
LAssurance:Habitation
^
D16/11'2020
CX
T-151.50
PCourses
LCourses
^
D16/11'2020
CX
T-86.98
POrange
LLogement:Téléphone
^
D17/11'2020
CX
T-34.99
POrange
LLogement:Téléphone
^
D17/11'2020
CX
T-40.10
PPéage
LVacances:Voyage
^
D17/11'2020
CX
T-25.00
PCourses
LCourses
^
D18/11'2020
CX
T-79.80
PFleurs
LDivers
^
D19/11'2020
CX
T9.01
PRemboursement mutuelle
LSanté:Mutuelle
^
D19/11'2020
CX
T18.53
PRemboursement sécurité sociale
LSanté:Mutuelle
^
D20/11'2020
CX
T293.38
PFrais de mission
^
D20/11'2020
CX
T-50.00
PFleurs
LDivers
^
D20/11'2020
CX
T79.80
PInterflora
^
D22/11'2020
CX
T-0.99
PCourses
LCourses
^
D23/11'2020
CX
T-70.01
PGazole
LAutomobile:Carburant
^
D25/11'2020
CX
T4,860.12
PSolde
LTraitements et salaires:Salaire net
^
D25/11'2020
CX
T-7.00
PCourses
LCourses
^
D26/11'2020
CX
T-300.00
PVirement
L[B For Bank]
^
D27/11'2020
CX
T-244.28
PRenault
LAutomobile:Réparations-entretien
^
D30/11'2020
CX
T-4.00
PWWF
LDivers
^
D30/11'2020
CX
T-60.00
PRetrait
LRetrait d'espèces
^
D01/12'2020
CX
MAGPM
T-22.94
PGarantie PN
LAssurance:Vie
^
D01/12'2020
CX
MAGPM
T-25.38
PObjectif prévoyance
LAssurance:Vie
^
D01/12'2020
CX
T-150.00
PVirement
LVirmt vers un compte supprimé
^
D01/12'2020
CX
T-61.84
PAssurance Laguna
LAssurance:Automobile
^
D01/12'2020
CX
T-47.25
PAssurance Clio
LAssurance:Automobile
^
D01/12'2020
CX
T-28.96
PAssurance Twingo
LAssurance:Automobile
^
D01/12'2020
CX
T-204.60
PCrédit IGESA
LPrêt
^
D01/12'2020
CX
T-25.00
PCotisation mensuelle
LFrais bancaires
^
D01/12'2020
CX
T-250.00
PGuillaume
LEnfants
^
D02/12'2020
CX
MAGPM
T-62.65
PAssurance prêt
LAssurance:Crédit immobilier
^
D02/12'2020
CX
T-8.98
PCourses
LCourses
^
D04/12'2020
CX
T-231.20
PGAN
LAssurance:Vie
^
D04/12'2020
CX
T-94.90
PAmazon
LLoisirs-culture:Informatique
^
D04/12'2020
CX
T-63.62
PVétérinaire
LAnimaux domestiques:Vétérinaire
^
D05/12'2020
CX
T-200.00
PDirect Energie
LLogement:Électricité
^
D05/12'2020
CX
T-16.64
PServElite
LLogement:Chauffage
^
D05/12'2020
CX
T-92.16
PNespresso
LCourses
^
D06/12'2020
CX
T-17.94
PCanal +
LLoisirs-culture:Cinéma-spectacle
^
D07/12'2020
CX
T-1,465.15
PCrédit immobilier
LLogement:Remb. prêt immob. (capital)
^
D07/12'2020
CX
T-40.00
PMagasin Vert
LLogement:Jardin
^
D08/12'2020
CX
T-1.25
PCourses
LCourses
^
D09/12'2020
CX
T-81.00
PGazole
LAutomobile:Carburant
^
D09/12'2020
CX
T-172.50
PFleurs
LDivers
^
D09/12'2020
CX
T-54.00
PHôtel
LVacances:Logement
^
D10/12'2020
CX
T-115.69
PMutuelle
LSanté:Mutuelle
^
D11/12'2020
CX
T-60.00
PFleurs
LDivers
^
D11/12'2020
CX
T-120.23
PBillets avion
LVacances:Voyage
^
D15/12'2020
CX
T-130.00
PTaxe d'habitation
LImpôts:Impôts locaux
^
D15/12'2020
CX
T-200.00
PCARAC RMC
L[CARAC RMC]
^
D15/12'2020
CX
T4,860.12
PSolde
LTraitements et salaires:Salaire net
^
D15/12'2020
CX
T-86.98
POrange
LLogement:Téléphone
^
D16/12'2020
CX
T-42.95
PAssurance maison
LAssurance:Habitation
^
D16/12'2020
CX
T-92.65
PCourses
LCourses
^
D16/12'2020
CX
T-96.78
PKiné
LSanté:Médecin
^
D17/12'2020
CX
T-34.99
POrange
LLogement:Téléphone
^
D17/12'2020
CX
T-72.01
PGazole
LAutomobile:Carburant
^
D19/12'2020
CX
T-39.99
PAmazon
LLoisirs-culture:Informatique
^
D19/12'2020
CX
T-73.00
PGazole
LAutomobile:Carburant
^
D19/12'2020
CX
T-51.98
PCourses
LCourses
^
D19/12'2020
CX
T-57.87
PCourses
LCourses
^
D19/12'2020
CX
T-57.88
PCourses
LCourses
^
D20/12'2020
CX
T-271.00
PAmazon
LLoisirs-culture:Informatique
^
D22/12'2020
CX
T-77.28
PCourses
LCourses
^
D22/12'2020
CX
T-41.06
PCourses
LCourses
^
D22/12'2020
CX
T-38.80
PCourses
LCourses
^
D23/12'2020
CX
T-12.90
PCourses
LCourses
^
D24/12'2020
CX
T-45.85
PCourses
LCourses
^
D26/12'2020
CX
T-300.00
PVirement
L[B For Bank]
^
D26/12'2020
CX
T1,146.68
PBillets avion
LVacances:Voyage
^
D29/12'2020
CX
T800.00
PEmilye
^
D30/12'2020
CX
T-10.19
PCourses
LCourses
^
D31/12'2020
CX
T-4.00
PWWF
LDivers
^
D31/12'2020
CX
T-27.83
PCourses
LCourses
^
D01/01'2021
CX
MAGPM
T-22.94
PGarantie PN
LAssurance:Vie
^
D01/01'2021
CX
MAGPM
T-25.38
PObjectif prévoyance
LAssurance:Vie
^
D01/01'2021
CX
T-150.00
PVirement
LVirmt vers un compte supprimé
^
D01/01'2021
CX
T-55.94
PAssurance Laguna
LAssurance:Automobile
^
D01/01'2021
CX
T-46.30
PAssurance Clio
LAssurance:Automobile
^
D01/01'2021
CX
T-35.81
PAssurance Twingo
LAssurance:Automobile
^
D01/01'2021
CX
T-25.80
PCotisation mensuelle
LFrais bancaires
^
D01/01'2021
CX
T-250.00
PGuillaume
LEnfants
^
D02/01'2021
CX
MAGPM
T-62.65
PAssurance prêt
LAssurance:Crédit immobilier
^
D02/01'2021
CX
T-68.00
PGazole
LAutomobile:Carburant
^
D02/01'2021
CX
T-46.29
PCourses
LCourses
^
D04/01'2021
CX
T-231.20
PGAN
LAssurance:Vie
^
D04/01'2021
CX
T55.08
PRemboursement sécurité sociale
LSanté:Mutuelle
^
D05/01'2021
CX
T-200.00
PDirect Energie
LLogement:Électricité
^
D05/01'2021
CX
T-16.64
PServElite
LLogement:Chauffage
^
D05/01'2021
CX
T-46.99
PAmazon
LLoisirs-culture:Informatique
^
D05/01'2021
CX
T38.70
PRemboursement mutuelle
LSanté:Mutuelle
^
D05/01'2021
CX
T150.68
PFrais de mission
^
D05/01'2021
CX
T-69.75
PScanner
LSanté:Hôpital
^
D05/01'2021
CX
T-38.97
PBrico Dépot
LLogement:Bricolage
^
D05/01'2021
CX
T-1.25
PCourses
LCourses
^
D06/01'2021
CX
T-17.94
PCanal +
LLoisirs-culture:Cinéma-spectacle
^
D06/01'2021
CX
T-90.89
POrange
LLogement:Téléphone
^
D07/01'2021
CX
T-1,465.15
PCrédit immobilier
LLogement:Remb. prêt immob. (capital)
^
D09/01'2021
CX
T-74.90
PAmazon
LLoisirs-culture:Informatique
^
D10/01'2021
CX
T-122.28
PMutuelle
LSanté:Mutuelle
^
D14/01'2021
CX
T20.92
PRemboursement mutuelle
LSanté:Mutuelle
^
D14/01'2021
CX
T47.83
PRemboursement sécurité sociale
LSanté:Mutuelle
^
D15/01'2021
CX
T-130.00
PTaxe d'habitation
LImpôts:Impôts locaux
^
D15/01'2021
CX
T-85.00
PImpôts fonciers
LImpôts:Fonciers
^
D15/01'2021
CX
T-200.00
PCARAC RMC
L[CARAC RMC]
^
D15/01'2021
CX
T650.00
PImpôts sur le revenu
LImpôts:Impôt sur le revenu
^
D16/01'2021
CX
T-42.95
PAssurance maison
LAssurance:Habitation
^
D16/01'2021
CX
T-56.66
PCourses
LCourses
^
D17/01'2021
CX
T-34.99
POrange
LLogement:Téléphone
^
D18/01'2021
CX
T-66.90
PPéage
LVacances:Voyage
^
D20/01'2021
CX
T-106.95
PAmazon
LLoisirs-culture:Informatique
^
D20/01'2021
CX
T-116.40
PCourses
LCourses
^
D20/01'2021
CX
T-111.93
PCourses
LCourses
^
D20/01'2021
CX
T-63.38
PDentiste
LSanté:Dentiste
^
D21/01'2021
CX
T-45.10
PSNCF
LTransports
^
D21/01'2021
CX
T-106.22
PBillets avion
LVacances:Voyage
^
D21/01'2021
CX
T-87.00
PHôtel
LVacances:Logement
^
D21/01'2021
CX
T-28.10
PLeroy Merlin
LLogement:Bricolage
^
D22/01'2021
CX
T41.65
PFrais de mission
^
D22/01'2021
CX
T-0.99
PCourses
LCourses
^
D24/01'2021
CX
T-42.51
PAmazon
LLoisirs-culture:Informatique
^
D24/01'2021
CX
T-100.00
L[B For Bank]
^
D25/01'2021
CX
T4,860.12
PSolde
LTraitements et salaires:Salaire net
^
D26/01'2021
CX
T-300.00
PVirement
L[B For Bank]
^
D26/01'2021
CX
T44.36
PRemboursement sécurité sociale
LSanté:Mutuelle
^
D26/01'2021
CX
T19.02
PRemboursement mutuelle
LSanté:Mutuelle
^
D28/01'2021
CX
T-73.01
PGazole
LAutomobile:Carburant
^
D29/01'2021
CX
T-4.52
PCourses
LCourses
^
D29/01'2021
CX
T-49.50
PRestaurant
LAlimentation:Restaurant
^
D31/01'2021
CX
T-4.00
PWWF
LDivers
^
D01/02'2021
CX
MAGPM
T-22.94
PGarantie PN
LAssurance:Vie
^
D01/02'2021
CX
MAGPM
T-25.38
PObjectif prévoyance
LAssurance:Vie
^
D01/02'2021
CX
T-150.00
PVirement
LVirmt vers un compte supprimé
^
D01/02'2021
CX
T-55.94
PAssurance Laguna
LAssurance:Automobile
^
D01/02'2021
CX
T-46.30
PAssurance Clio
LAssurance:Automobile
^
D01/02'2021
CX
T-35.81
PAssurance Twingo
LAssurance:Automobile
^
D01/02'2021
CX
T-25.80
PCotisation mensuelle
LFrais bancaires
^
D01/02'2021
CX
T-250.00
PGuillaume
LEnfants
^
D01/02'2021
CX
T-42.16
PCourses
LCourses
^
D02/02'2021
CX
MAGPM
T-62.65
PAssurance prêt
LAssurance:Crédit immobilier
^
D02/02'2021
CX
T-41.90
PHôtel
LVacances:Logement
^
D02/02'2021
CX
T-134.00
PCourses
LCourses
^
D04/02'2021
CX
T-231.20
PGAN
LAssurance:Vie
^
D04/02'2021
CX
T-5.49
PCourses
LCourses
^
D04/02'2021
CX
T-167.60
PRetrait
LRetrait d'espèces
^
D05/02'2021
CX
T-200.00
PDirect Energie
LLogement:Électricité
^
D05/02'2021
CX
T-16.66
PServElite
LLogement:Chauffage
^
D05/02'2021
CX
T-29.39
PCourses
LCourses
^
D05/02'2021
CX
T-63.48
PTerrasse
LLogement:Bricolage
^
D05/02'2021
CX
T7.50
PRemboursement mutuelle
LSanté:Mutuelle
^
D05/02'2021
CX
T16.50
PRemboursement sécurité sociale
LSanté:Mutuelle
^
D05/02'2021
CX
T1,696.20
PFrais de mission
^
D06/02'2021
CX
T-17.94
PCanal +
LLoisirs-culture:Cinéma-spectacle
^
D07/02'2021
CX
T-1,465.15
PCrédit immobilier
LLogement:Remb. prêt immob. (capital)
^
D08/02'2021
CX
T-167.60
PPlongée
LLoisirs-culture:Articles de sport
^
D08/02'2021
CX
T-13.00
PCourses
LCourses
^
D08/02'2021
CX
T-167.60
PRetrait
LRetrait d'espèces
^
D08/02'2021
CX
T-34.99
POrange
LLogement:Téléphone
^
D10/02'2021
CX
T-122.28
PMutuelle
LSanté:Mutuelle
^
D10/02'2021
CX
T-55.00
PFleurs
LDivers
^
D11/02'2021
CX
T-33.94
PRestaurant
LAlimentation:Restaurant
^
D12/02'2021
CX
T-168.44
PLocation voiture
LVacances:Visites
^
D12/02'2021
CX
T-31.76
PRestaurant
LAlimentation:Restaurant
^
D14/02'2021
CX
T-117.40
PHôtel
LVacances:Logement
^
D14/02'2021
CX
T-23.88
PCourses
LCourses
^
D14/02'2021
CX
T-167.60
PRetrait
LRetrait d'espèces
^
D15/02'2021
CX
T-130.00
PTaxe d'habitation
LImpôts:Impôts locaux
^
D15/02'2021
CX
T-85.00
PImpôts fonciers
LImpôts:Fonciers
^
D15/02'2021
CX
T-200.00
PCARAC RMC
L[CARAC RMC]
^
D15/02'2021
CX
T-34.17
PRestaurant
LAlimentation:Restaurant
^
D15/02'2021
CX
T500.00
PEmilye
^
D15/02'2021
CX
T-91.97
POrange
LLogement:Téléphone
^
D16/02'2021
CX
T-42.95
PAssurance maison
LAssurance:Habitation
^
D16/02'2021
CX
T-46.09
PRestaurant
LAlimentation:Restaurant
^
D16/02'2021
CX
T-33.14
PRestaurant
LAlimentation:Restaurant
^
D17/02'2021
CX
T-37.71
PCourses
LCourses
^
D17/02'2021
CX
T-1,068.45
PHôtel
LVacances:Logement
^
D18/02'2021
CX
T-83.80
PRetrait
LRetrait d'espèces
^
D20/02'2021
CX
T-54.47
PPlongée
LLoisirs-culture:Articles de sport
^
D21/02'2021
CX
T-12.57
PCourses
LCourses
^
D22/02'2021
CX
T-0.99
PCourses
LCourses
^
D23/02'2021
CX
T-25.14
PRetrait
LRetrait d'espèces
^
D23/02'2021
CX
T-16.76
PRetrait
LRetrait d'espèces
^
D24/02'2021
CX
T-22.00
PAmazon
LLoisirs-culture:Informatique
^
D24/02'2021
CX
T-35.69
PAmazon
LLoisirs-culture:Informatique
^
D24/02'2021
CX
T-29.00
PAmazon
LLoisirs-culture:Informatique
^
D25/02'2021
CX
T4,860.12
PSolde
LTraitements et salaires:Salaire net
^
D25/02'2021
CX
T-26.99
PCourses
LCourses
^
D26/02'2021
CX
T-300.00
PVirement
L[B For Bank]
^
D28/02'2021
CX
T-4.00
PWWF
LDivers
^
D01/03'2021
CX
MAGPM
T-22.94
PGarantie PN
LAssurance:Vie
^
D01/03'2021
CX
MAGPM
T-25.38
PObjectif prévoyance
LAssurance:Vie
^
D01/03'2021
CX
T-150.00
PVirement
LVirmt vers un compte supprimé
^
D01/03'2021
CX
T-55.94
PAssurance Laguna
LAssurance:Automobile
^
D01/03'2021
CX
T-46.30
PAssurance Clio
LAssurance:Automobile
^
D01/03'2021
CX
T-36.09
PAssurance Twingo
LAssurance:Automobile
^
D01/03'2021
CX
T-25.80
PCotisation mensuelle
LFrais bancaires
^
D01/03'2021
CX
T-250.00
PGuillaume
LEnfants
^
D02/03'2021
CX
MAGPM
T-62.65
PAssurance prêt
LAssurance:Crédit immobilier
^
D02/03'2021
CX
T-80.00
PControle technique
LAutomobile:Réparations-entretien
^
D04/03'2021
CX
T-231.20
PGAN
LAssurance:Vie
^
D04/03'2021
CX
T-23.00
PAmazon
LLoisirs-culture:Informatique
^
D04/03'2021
CX
T-23.50
PCourses
LCourses
^
D05/03'2021
CX
T-200.00
PDirect Energie
LLogement:Électricité
^
D05/03'2021
CX
T-16.82
PServElite
LLogement:Chauffage
^
D05/03'2021
CX
T-151.00
POrange
LLogement:Téléphone
^
D05/03'2021
CX
T-134.00
PCourses
LCourses
^
D06/03'2021
CX
T-17.94
PCanal +
LLoisirs-culture:Cinéma-spectacle
^
D07/03'2021
CX
T-1,465.15
PCrédit immobilier
LLogement:Remb. prêt immob. (capital)
^
D08/03'2021
CX
T500.00
PEmilye
^
D09/03'2021
CX
T-45.96
PCourses
LCourses
^
D10/03'2021
CX
T-122.28
PMutuelle
LSanté:Mutuelle
^
D10/03'2021
CX
T-60.00
PDecathlon
LLoisirs-culture:Articles de sport
^
D11/03'2021
CX
T717.90
PFrais de mission
^
D12/03'2021
CX
T-107.00
PAmazon
LLoisirs-culture:Informatique
^
D12/03'2021
CX
T-45.34
PCourses
LCourses
^
D13/03'2021
CX
T-166.81
PEau
LLogement:Eau
^
D15/03'2021
CX
T-130.00
PTaxe d'habitation
LImpôts:Impôts locaux
^
D15/03'2021
CX
T-85.00
PImpôts fonciers
LImpôts:Fonciers
^
D15/03'2021
CX
T-200.00
PCARAC RMC
L[CARAC RMC]
^
D15/03'2021
CX
T-103.80
PAmazon
LLoisirs-culture:Informatique
^
D16/03'2021
CX
T-42.95
PAssurance maison
LAssurance:Habitation
^
D17/03'2021
CX
T-34.99
POrange
LLogement:Téléphone
^
D20/03'2021
CX
T-70.30
PGazole
LAutomobile:Carburant
^
D22/03'2021
CX
T-0.99
PCourses
LCourses
^
D22/03'2021
CX
T-0.99
PCourses
LCourses
^
D24/03'2021
CX
T17.50
PFrais de mission
^
D25/03'2021
CX
T4,860.12
PSolde
LTraitements et salaires:Salaire net
^
D26/03'2021
CX
T-300.00
PVirement
L[B For Bank]
^
D27/03'2021
CX
T-87.80
PLeroy Merlin
LLogement:Bricolage
^
D28/03'2021
CX
T-54.57
PDarty
LLogement:Électroménager
^
D28/03'2021
CX
T-107.90
PAmazon
LLoisirs-culture:Informatique
^
D31/03'2021
CX
T-4.00
PWWF
LDivers
^
D01/04'2021
CX
MAGPM
T-22.94
PGarantie PN
LAssurance:Vie
^
D01/04'2021
CX
MAGPM
T-25.38
PObjectif prévoyance
LAssurance:Vie
^
D01/04'2021
CX
T-150.00
PVirement
LVirmt vers un compte supprimé
^
D01/04'2021
CX
T-55.94
PAssurance Laguna
LAssurance:Automobile
^
D01/04'2021
CX
T-46.30
PAssurance Clio
LAssurance:Automobile
^
D01/04'2021
CX
T-36.94
PAssurance Twingo
LAssurance:Automobile
^
D01/04'2021
CX
T-25.80
PCotisation mensuelle
LFrais bancaires
^
D01/04'2021
CX
T-250.00
PGuillaume
LEnfants
^
D01/04'2021
CX
T-73.00
PGazole
LAutomobile:Carburant
^
D02/04'2021
CX
MAGPM
T-62.65
PAssurance prêt
LAssurance:Crédit immobilier
^
D04/04'2021
CX
T-134.00
PCourses
LCourses
^
D04/04'2021
CX
T-231.20
PGAN
LAssurance:Vie
^
D05/04'2021
CX
T-200.00
PDirect Energie
LLogement:Électricité
^
D05/04'2021
CX
T-16.82
PServElite
LLogement:Chauffage
^
D06/04'2021
CX
T-17.94
PCanal +
LLoisirs-culture:Cinéma-spectacle
^
D06/04'2021
CX
T-189.00
PLeroy Merlin
LLogement:Bricolage
^
D06/04'2021
CX
T-111.00
PAmazon
LLoisirs-culture:Informatique
^
D07/04'2021
CX
T-1,465.15
PCrédit immobilier
LLogement:Remb. prêt immob. (capital)
^
D10/04'2021
CX
T-122.28
PMutuelle
LSanté:Mutuelle
^
D10/04'2021
CX
T-7.00
PCourses
LCourses
^
D10/04'2021
CX
T-55.43
PWeldom
LLogement:Bricolage
^
D10/04'2021
CX
T-77.00
PGazole
LAutomobile:Carburant
^
D10/04'2021
CX
T-80.00
PRetrait
LRetrait d'espèces
^
D11/04'2021
CX
T-236.05
PAmazon
LLoisirs-culture:Informatique
^
D11/04'2021
CX
T-1,249.74
PAvion
LVacances:Voyage
^
D12/04'2021
CX
T500.00
PEmilye
^
D12/04'2021
CX
T-58.80
PCourses
LCourses
^
D15/04'2021
CX
T-130.00
PTaxe d'habitation
LImpôts:Impôts locaux
^
D15/04'2021
CX
T-85.00
PImpôts fonciers
LImpôts:Fonciers
^
D15/04'2021
CX
T-200.00
PCARAC RMC
L[CARAC RMC]
^
D15/04'2021
CX
T-29.99
PCourses
LCourses
^
D16/04'2021
CX
T-42.95
PAssurance maison
LAssurance:Habitation
^
D16/04'2021
CX
T-87.30
POrange
LLogement:Téléphone
^
D17/04'2021
CX
T-34.99
POrange
LLogement:Téléphone
^
D17/04'2021
CX
T-53.19
PCourses
LCourses
^
D17/04'2021
CX
T-59.42
PCourses
LCourses
^
D20/04'2021
CX
T111.00
PAmazon
LLoisirs-culture:Informatique
^
D21/04'2021
CX
T-273.00
PO2
LLogement:Jardin
^
D21/04'2021
CX
T-80.65
PKiné
LSanté:Médecin
^
D22/04'2021
CX
T-0.99
PCourses
LCourses
^
D23/04'2021
CX
T7.50
PRemboursement mutuelle
LSanté:Mutuelle
^
D23/04'2021
CX
T-142.20
PAmazon
LLoisirs-culture:Informatique
^
D24/04'2021
CX
T-228.89
PServElite
LLogement:Chauffage
^
D25/04'2021
CX
T-44.37
PAmazon
LLoisirs-culture:Informatique
^
D25/04'2021
CX
T-156.23
PManoMano
LLogement:Bricolage
^
D26/04'2021
CX
T-300.00
PVirement
L[B For Bank]
^
D26/04'2021
CX
T4,860.12
PSolde
LTraitements et salaires:Salaire net
^
D28/04'2021
CX
T-60.49
PAmazon
LLoisirs-culture:Informatique
^
D28/04'2021
CX
T41.90
PRemboursement sécurité sociale
LSanté:Mutuelle
^
D28/04'2021
CX
T32.25
PRemboursement mutuelle
LSanté:Mutuelle
^
D30/04'2021
CX
T-4.00
PWWF
LDivers
^
D01/05'2021
CX
T-21.00
PAGPM
LAssurance:Automobile
^
D01/05'2021
CX
MAGPM
T-22.94
PGarantie PN
LAssurance:Vie
^
D01/05'2021
CX
MAGPM
T-25.66
PObjectif prévoyance
LAssurance:Vie
^
D01/05'2021
CX
T-150.00
PVirement
LVirmt vers un compte supprimé
^
D01/05'2021
CX
T-61.69
PAssurance Laguna
LAssurance:Automobile
^
D01/05'2021
CX
T-46.30
PAssurance Clio
LAssurance:Automobile
^
D01/05'2021
CX
T-30.76
PAssurance Twingo
LAssurance:Automobile
^
D01/05'2021
CX
T-25.80
PCotisation mensuelle
LFrais bancaires
^
D01/05'2021
CX
T-250.00
PGuillaume
LEnfants
^
D01/05'2021
CX
T-9.00
PAGPM
LAssurance:Automobile
^
D01/05'2021
CX
T-58.90
PAmazon
LLoisirs-culture:Informatique
^
D01/05'2021
CX
T600.00
PEmilye
^
D02/05'2021
CX
MAGPM
T-62.65
PAssurance prêt
LAssurance:Crédit immobilier
^
D03/05'2021
CX
T-72.40
PSNCF
LTransports
^
D03/05'2021
CX
T-39.00
PSNCF
LTransports
^
D03/05'2021
CX
T-37.50
PSNCF
LTransports
^
D03/05'2021
CX
T-74.60
PNespresso
LCourses
^
D03/05'2021
CX
T7.50
PRemboursement mutuelle
LSanté:Mutuelle
^
D04/05'2021
CX
T-231.20
PGAN
LAssurance:Vie
^
D05/05'2021
CX
T-137.40
PCourses
LCourses
^
D05/05'2021
CX
T-200.00
PDirect Energie
LLogement:Électricité
^
D05/05'2021
CX
T-16.82
PServElite
LLogement:Chauffage
^
D06/05'2021
CX
T-17.94
PCanal +
LLoisirs-culture:Cinéma-spectacle
^
D06/05'2021
CX
T-90.63
PAmazon
LLoisirs-culture:Informatique
^
D07/05'2021
CX
T-1,465.15
PCrédit immobilier
LLogement:Remb. prêt immob. (capital)
^
D07/05'2021
CX
T-78.01
PGazole
LAutomobile:Carburant
^
D07/05'2021
CX
T7.50
PRemboursement mutuelle
LSanté:Mutuelle
^
D07/05'2021
CX
T-40.00
PRetrait
LRetrait d'espèces
^
D08/05'2021
CX
T-26.80
PAmazon
LLoisirs-culture:Informatique
^
D10/05'2021
CX
T-122.28
PMutuelle
LSanté:Mutuelle
^
D10/05'2021
CX
T500.00
PEmilye
^
D11/05'2021
CX
T-100.89
PCourses
LCourses
^
D12/05'2021
CX
T-112.80
PLeroy Merlin
LLogement:Bricolage
^
D13/05'2021
CX
T-6.99
PCourses
LCourses
^
D15/05'2021
CX
T-130.00
PTaxe d'habitation
LImpôts:Impôts locaux
^
D15/05'2021
CX
T-85.00
PImpôts fonciers
LImpôts:Fonciers
^
D15/05'2021
CX
T-200.00
PCARAC RMC
L[CARAC RMC]
^
D16/05'2021
CX
T-42.95
PAssurance maison
LAssurance:Habitation
^
D16/05'2021
CX
T-76.95
PGazole
LAutomobile:Carburant
^
D16/05'2021
CX
T-50.00
PAmazon
LLoisirs-culture:Informatique
^
D17/05'2021
CX
T-34.99
POrange
LLogement:Téléphone
^
D17/05'2021
CX
T-88.47
POrange
LLogement:Téléphone
^
D18/05'2021
CX
T-60.00
PGazole
LAutomobile:Carburant
^
D19/05'2021
CX
T-76.37
PAmazon
LLoisirs-culture:Informatique
^
D19/05'2021
CX
T-297.00
PLocation voiture
LVacances:Visites
^
D21/05'2021
CX
T-92.29
PCourses
LCourses
^
D22/05'2021
CX
T18.01
PManoMano
^
D22/05'2021
CX
T-0.99
PCourses
LCourses
^
D22/05'2021
CX
T109.90
PSNCF
LTransports
^
D23/05'2021
CX
T-10.94
PManoMano
LLogement:Bricolage
^
D23/05'2021
CX
T-22.86
PAmazon
LLoisirs-culture:Informatique
^
D23/05'2021
CX
T-7.85
PAmazon
LLoisirs-culture:Informatique
^
D24/05'2021
CX
T-358.80
PAmazon
LLoisirs-culture:Informatique
^
D24/05'2021
CX
T-37.63
PAmazon
LLoisirs-culture:Informatique
^
D25/05'2021
CX
T4,860.12
PSolde
LTraitements et salaires:Salaire net
^
D26/05'2021
CX
T-300.00
PVirement
L[B For Bank]
^
D26/05'2021
CX
T71.40
PFrais de mission
^
D26/05'2021
CX
T-70.20
PLeroy Merlin
LLogement:Bricolage
^
D26/05'2021
CX
T-119.80
PManoMano
LLogement:Bricolage
^
D28/05'2021
CX
T700.00
PMammy
LDivers
^
D28/05'2021
CX
T39.00
PSNCF
LTransports
^
D31/05'2021
CX
T-4.00
PWWF
LDivers
^
D31/05'2021
CX
T-4,132.27
PO2
LLogement:Jardin
^
D01/06'2021
CX
MAGPM
T-22.94
PGarantie PN
LAssurance:Vie
^
D01/06'2021
CX
MAGPM
T-25.66
PObjectif prévoyance
LAssurance:Vie
^
D01/06'2021
CX
T-150.00
PVirement
LVirmt vers un compte supprimé
^
D01/06'2021
CX
T-61.69
PAssurance Laguna
LAssurance:Automobile
^
D01/06'2021
CX
T-46.30
PAssurance Clio
LAssurance:Automobile
^
D01/06'2021
CX
T-24.86
PAssurance Twingo
LAssurance:Automobile
^
D01/06'2021
CX
T-25.80
PCotisation mensuelle
LFrais bancaires
^
D01/06'2021
CX
T-250.00
PGuillaume
LEnfants
^
D01/06'2021
CX
T-262.90
PPneus
LAutomobile:Réparations-entretien
^
D01/06'2021
CX
T-23.62
PAmazon
LLoisirs-culture:Informatique
^
D02/06'2021
CX
MAGPM
T-62.65
PAssurance prêt
LAssurance:Crédit immobilier
^
D04/06'2021
CX
T-231.20
PGAN
LAssurance:Vie
^
D04/06'2021
CX
T0.28
PCourses
LCourses
^
D04/06'2021
CX
T-76.00
PGazole
LAutomobile:Carburant
^
D05/06'2021
CX
T-16.82
PServElite
LLogement:Chauffage
^
D06/06'2021
CX
T-17.94
PCanal +
LLoisirs-culture:Cinéma-spectacle
^
D07/06'2021
CX
T-1,465.15
PCrédit immobilier
LLogement:Remb. prêt immob. (capital)
^
D07/06'2021
CX
T7.50
PRemboursement mutuelle
LSanté:Mutuelle
^
D07/06'2021
CX
T-460.00
PDentiste
LSanté:Dentiste
^
D08/06'2021
CX
T-54.13
PAmazon
LLoisirs-culture:Informatique
^
D08/06'2021
CX
T-86.98
POrange
LLogement:Téléphone
^
D10/06'2021
CX
T-122.28
PMutuelle
LSanté:Mutuelle
^
D10/06'2021
CX
T500.00
PEmilye
^
D11/06'2021
CX
T-9.95
PAmazon
LLoisirs-culture:Informatique
^
D11/06'2021
CX
T91.00
PRemboursement sécurité sociale
LSanté:Mutuelle
^
D11/06'2021
CX
T299.00
PRemboursement mutuelle
LSanté:Mutuelle
^
D12/06'2021
CX
T-117.31
PManoMano
LLogement:Bricolage
^
D12/06'2021
CX
T-233.26
PAmazon
LLoisirs-culture:Informatique
^
D12/06'2021
CX
T-6.99
PCourses
LCourses
^
D13/06'2021
CX
T-86.00
PPasseport
LVacances:Voyage
^
D14/06'2021
CX
T-71.37
PAvion
LVacances:Voyage
^
D15/06'2021
CX
T-85.00
PImpôts fonciers
LImpôts:Fonciers
^
D15/06'2021
CX
T-200.00
PCARAC RMC
L[CARAC RMC]
^
D15/06'2021
CX
T-38.54
PCourses
LCourses
^
D15/06'2021
CX
T-57.70
PRestaurant
LAlimentation:Restaurant
^
D16/06'2021
CX
T-42.95
PAssurance maison
LAssurance:Habitation
^
D16/06'2021
CX
T27.44
PRemboursement mutuelle
LSanté:Mutuelle
^
D16/06'2021
CX
T-13.90
PPéage
LVacances:Voyage
^
D16/06'2021
CX
T-40.00
PRetrait
LRetrait d'espèces
^
D16/06'2021
CX
T-49.90
PLeroy Merlin
LLogement:Bricolage
^
D16/06'2021
CX
T-74.00
PGazole
LAutomobile:Carburant
^
D17/06'2021
CX
T-34.99
POrange
LLogement:Téléphone
^
D19/06'2021
CX
T400.00
PMammy
LDivers
^
D19/06'2021
CX
T-88.50
PRestaurant
LAlimentation:Restaurant
^
D20/06'2021
CX
T-59.17
PGazole
LAutomobile:Carburant
^
D20/06'2021
CX
T1,000.00
LVirmt depuis un compte supprimé
^
D21/06'2021
CX
T11.24
PRemboursement mutuelle
LSanté:Mutuelle
^
D21/06'2021
CX
T-61.52
POrdures ménagères
LLogement:Charges
^
D21/06'2021
CX
T-193.50
PLocation voiture
LVacances:Visites
^
D21/06'2021
CX
T-58.03
PGazole
LAutomobile:Carburant
^
D22/06'2021
CX
T-0.99
PCourses
LCourses
^
D25/06'2021
CX
T6,278.06
PSolde
LTraitements et salaires:Salaire net
^
D25/06'2021
CX
T-150.00
N820
PFaçade
LLogement:Bricolage
^
D26/06'2021
CX
T-300.00
PVirement
L[B For Bank]
^
D26/06'2021
CX
T-46.85
PCourses
LCourses
^
D27/06'2021
CX
T-56.62
PGazole
LAutomobile:Carburant
^
D28/06'2021
CX
T-71.03
PGazole
LAutomobile:Carburant
^
D28/06'2021
CX
T150.00
PEmilye
^
D29/06'2021
CX
T-831.90
PAppareil photo
LLoisirs-culture:Informatique
^
D30/06'2021
CX
T-4.00
PWWF
LDivers
^
D01/07'2021
CX
MAGPM
T-22.94
PGarantie PN
LAssurance:Vie
^
D01/07'2021
CX
MAGPM
T-25.66
PObjectif prévoyance
LAssurance:Vie
^
D01/07'2021
CX
T-150.00
PVirement
LVirmt vers un compte supprimé
^
D01/07'2021
CX
T-61.69
PAssurance Laguna
LAssurance:Automobile
^
D01/07'2021
CX
T-46.30
PAssurance Clio
LAssurance:Automobile
^
D01/07'2021
CX
T-24.86
PAssurance Twingo
LAssurance:Automobile
^
D01/07'2021
CX
T-25.80
PCotisation mensuelle
LFrais bancaires
^
D01/07'2021
CX
T-250.00
PGuillaume
LEnfants
^
D01/07'2021
CX
T7.50
PRemboursement mutuelle
LSanté:Mutuelle
^
D02/07'2021
CX
MAGPM
T-62.65
PAssurance prêt
LAssurance:Crédit immobilier
^
D04/07'2021
CX
T-231.20
PGAN
LAssurance:Vie
^
D04/07'2021
CX
T-2,454.00
PEgypte
LVacances:Egypte
^
D04/07'2021
CX
T-216.00
PAssurance voyage
LVacances:Voyage
^
D05/07'2021
CX
T-212.00
PDirect Energie
LLogement:Électricité
^
D05/07'2021
CX
T-16.82
PServElite
LLogement:Chauffage
^
D05/07'2021
CX
T-87.98
POrange
LLogement:Téléphone
^
D05/07'2021
CX
T-37.02
PCourses
LCourses
^
D06/07'2021
CX
T-17.94
PCanal +
LLoisirs-culture:Cinéma-spectacle
^
D06/07'2021
CX
T-148.50
PAmazon
LLoisirs-culture:Informatique
^
D07/07'2021
CX
T-26.47
PDirect Energie
LLogement:Électricité
^
D07/07'2021
CX
T-1,465.15
PCrédit immobilier
LLogement:Remb. prêt immob. (capital)
^
D09/07'2021
CX
T-81.85
PGazole
LAutomobile:Carburant
^
D10/07'2021
CX
T-122.28
PMutuelle
LSanté:Mutuelle
^
D10/07'2021
CX
T-50.08
PCourses
LCourses
^
D10/07'2021
CX
T-102.36
PVêtements
LHabillement
^
D12/07'2021
CX
T500.00
PEmilye
^
D12/07'2021
CX
T7.50
PRemboursement mutuelle
LSanté:Mutuelle
^
D12/07'2021
CX
T-29.90
PAmazon
LLoisirs-culture:Informatique
^
D12/07'2021
CX
T-55.90
PAmazon
LLoisirs-culture:Informatique
^
D15/07'2021
CX
T-130.00
PTaxe d'habitation
LImpôts:Impôts locaux
^
D15/07'2021
CX
T-85.00
PImpôts fonciers
LImpôts:Fonciers
^
D15/07'2021
CX
T-200.00
PCARAC RMC
L[CARAC RMC]
^
D16/07'2021
CX
T-42.95
PAssurance maison
LAssurance:Habitation
^
D16/07'2021
CX
T7.50
PRemboursement mutuelle
LSanté:Mutuelle
^
D17/07'2021
CX
T-34.99
POrange
LLogement:Téléphone
^
D19/07'2021
CX
T1,000.00
PMammy
LDivers
^
D22/07'2021
CX
T990.00
PMammy
LDivers
^
D22/07'2021
CX
T-1,000.00
PEmilye
LDivers
^
D23/07'2021
CX
T-200.00
L[B For Bank]
^
D26/07'2021
CX
T-300.00
PVirement
L[B For Bank]
^
D26/07'2021
CX
T4,860.12
PSolde
LTraitements et salaires:Salaire net
^
D27/07'2021
CX
T-59.20
PRestaurant
LAlimentation:Restaurant
^
D28/07'2021
CX
T-70.01
PGazole
LAutomobile:Carburant
^
D30/07'2021
CX
T-53.64
PGazole
LAutomobile:Carburant
^
D30/07'2021
CX
T-49.50
PRestaurant
LAlimentation:Restaurant
^
D30/07'2021
CX
T1,247.74
PAvion
^
D31/07'2021
CX
T-4.00
PWWF
LDivers
^
D01/08'2021
CX
MAGPM
T-22.94
PGarantie PN
LAssurance:Vie
^
D01/08'2021
CX
MAGPM
T-25.66
PObjectif prévoyance
LAssurance:Vie
^
D01/08'2021
CX
T-150.00
PVirement
LVirmt vers un compte supprimé
^
D01/08'2021
CX
T-61.69
PAssurance Laguna
LAssurance:Automobile
^
D01/08'2021
CX
T-46.30
PAssurance Clio
LAssurance:Automobile
^
D01/08'2021
CX
T-25.80
PCotisation mensuelle
LFrais bancaires
^
D01/08'2021
CX
T-250.00
PGuillaume
LEnfants
^
D02/08'2021
CX
MAGPM
T-62.65
PAssurance prêt
LAssurance:Crédit immobilier
^
D02/08'2021
CX
T30.76
PAGPM
LAssurance:Automobile
^
D02/08'2021
CX
T5.80
PFrais de mission
^
D03/08'2021
CX
T-627.20
PO2
LLogement:Jardin
^
D04/08'2021
CX
T-231.20
PGAN
LAssurance:Vie
^
D04/08'2021
CX
T-87.98
POrange
LLogement:Téléphone
^
D04/08'2021
CX
T17.50
PFrais de mission
^
D05/08'2021
CX
T-212.00
PDirect Energie
LLogement:Électricité
^
D05/08'2021
CX
T-16.82
PServElite
LLogement:Chauffage
^
D05/08'2021
CX
T-84.27
PGazole
LAutomobile:Carburant
^
D06/08'2021
CX
T-31.99
PCanal +
LLoisirs-culture:Cinéma-spectacle
^
D06/08'2021
CX
T-28.00
PRestaurant
LAlimentation:Restaurant
^
D07/08'2021
CX
T-1,465.15
PCrédit immobilier
LLogement:Remb. prêt immob. (capital)
^
D08/08'2021
CX
T-61.78
PHôtel
LVacances:Logement
^
D10/08'2021
CX
T-122.28
PMutuelle
LSanté:Mutuelle
^
D10/08'2021
CX
T500.00
PEmilye
^
D11/08'2021
CX
T-1,000.00
LVirmt vers un compte supprimé
^
D12/08'2021
CX
T120.00
PMammy
LDivers
^
D12/08'2021
CX
T1,000.00
PMammy
LDivers
^
D12/08'2021
CX
T-67.85
PCourses
LCourses
^
D12/08'2021
CX
T-876.00
N821
PCimetière
LDivers
^
D15/08'2021
CX
T-130.00
PTaxe d'habitation
LImpôts:Impôts locaux
^
D15/08'2021
CX
T-85.00
PImpôts fonciers
LImpôts:Fonciers
^
D15/08'2021
CX
T-200.00
PCARAC RMC
L[CARAC RMC]
^
D15/08'2021
CX
T-82.00
PGazole
LAutomobile:Carburant
^
D16/08'2021
CX
T-42.95
PAssurance maison
LAssurance:Habitation
^
D16/08'2021
CX
T-80.70
PPéage
LVacances:Voyage
^
D17/08'2021
CX
T-34.99
POrange
LLogement:Téléphone
^
D17/08'2021
CX
T5.70
PRemboursement mutuelle
LSanté:Mutuelle
^
D17/08'2021
CX
T-40.00
PCourses
LCourses
^
D18/08'2021
CX
T17.50
PFrais de mission
^
D18/08'2021
CX
T17.50
PFrais de mission
^
D18/08'2021
CX
T-649.00
PDarty
LLogement:Électroménager
^
D18/08'2021
CX
T-60.75
PCourses
LCourses
^
D18/08'2021
CX
T-3.10
PCourses
LCourses
^
D19/08'2021
CX
T37.56
PRemboursement mutuelle
LSanté:Mutuelle
^
D20/08'2021
CX
T-217.91
PEau
LLogement:Eau
^
D22/08'2021
CX
T-36.70
N818
PRestaurant
LAlimentation:Restaurant
^
D23/08'2021
CX
T-38.26
PCourses
LCourses
^
D24/08'2021
CX
T-45.30
PRestaurant
LAlimentation:Restaurant
^
D25/08'2021
CX
T4,842.20
PSolde
LTraitements et salaires:Salaire net
^
D25/08'2021
CX
T-5.99
PCourses
LCourses
^
D25/08'2021
CX
T-58.50
PFleurs
LDivers
^
D26/08'2021
CX
T-300.00
PVirement
L[B For Bank]
^
D26/08'2021
CX
T-110.00
N822
PRestaurant
LAlimentation:Restaurant
^
D27/08'2021
CX
T-74.80
PNespresso
LCourses
^
D28/08'2021
CX
T-41.84
PAmazon
LLoisirs-culture:Informatique
^
D29/08'2021
CX
T500.00
PMammy
LDivers
^
D29/08'2021
CX
T-659.99
PDarty
LLogement:Électroménager
^
D29/08'2021
CX
T390.00
PChèque
^
D31/08'2021
CX
T-4.00
PWWF
LDivers
^
D31/08'2021
CX
T-28.90
PMagasin Vert
LLogement:Jardin
^
D31/08'2021
CX
T-36.73
PCourses
LCourses
^
D01/09'2021
CX
MAGPM
T-22.94
PGarantie PN
LAssurance:Vie
^
D01/09'2021
CX
MAGPM
T-25.66
PObjectif prévoyance
LAssurance:Vie
^
D01/09'2021
CX
T-150.00
PVirement
LVirmt vers un compte supprimé
^
D01/09'2021
CX
T-61.69
PAssurance Laguna
LAssurance:Automobile
^
D01/09'2021
CX
T-40.40
PAssurance Clio
LAssurance:Automobile
^
D01/09'2021
CX
T-25.80
PCotisation mensuelle
LFrais bancaires
^
D01/09'2021
CX
T-250.00
PGuillaume
LEnfants
^
D01/09'2021
CX
T-70.00
PFleurs
LDivers
^
D02/09'2021
CX
MAGPM
T-62.65
PAssurance prêt
LAssurance:Crédit immobilier
^
D03/09'2021
CX
T-76.00
PGazole
LAutomobile:Carburant
^
D03/09'2021
CX
T-48.00
PCourses
LCourses
^
D04/09'2021
CX
T-243.70
PGAN
LAssurance:Vie
^
D05/09'2021
CX
T-212.00
PDirect Energie
LLogement:Électricité
^
D05/09'2021
CX
T-16.82
PServElite
LLogement:Chauffage
^
D05/09'2021
CX
T-34.10
PRestaurant
LAlimentation:Restaurant
^
D06/09'2021
CX
T-31.99
PCanal +
LLoisirs-culture:Cinéma-spectacle
^
D07/09'2021
CX
T-1,465.15
PCrédit immobilier
LLogement:Remb. prêt immob. (capital)
^
D10/09'2021
CX
T-122.28
PMutuelle
LSanté:Mutuelle
^
D10/09'2021
CX
T59.00
PFrais de mission
^
D10/09'2021
CX
T500.00
PEmilye
^
D10/09'2021
CX
T-10.92
PCourses
LCourses
^
D10/09'2021
CX
T-33.42
PCourses
LCourses
^
D11/09'2021
CX
T-36.71
PCourses
LCourses
^
D11/09'2021
CX
T-60.00
PHôtel
LVacances:Logement
^
D12/09'2021
CX
T-44.99
PAmazon
LLoisirs-culture:Informatique
^
D12/09'2021
CX
T-6.99
PCourses
LCourses
^
D14/09'2021
CX
T-46.43
PCourses
LCourses
^
D15/09'2021
CX
T-130.00
PTaxe d'habitation
LImpôts:Impôts locaux
^
D15/09'2021
CX
T-85.00
PImpôts fonciers
LImpôts:Fonciers
^
D15/09'2021
CX
T-200.00
PCARAC RMC
L[CARAC RMC]
^
D15/09'2021
CX
T-85.10
PPéage
LVacances:Voyage
^
D16/09'2021
CX
T-44.56
PAssurance maison
LAssurance:Habitation
^
D17/09'2021
CX
T-34.99
POrange
LLogement:Téléphone
^
D18/09'2021
CX
T-102.36
POrange
LLogement:Téléphone
^
D18/09'2021
CX
T-70.01
PGazole
LAutomobile:Carburant
^
D18/09'2021
CX
T-130.00
PCourses
LCourses
^
D18/09'2021
CX
T-52.80
PRestaurant
LAlimentation:Restaurant
^
D18/09'2021
CX
T-58.51
PHôtel
LVacances:Logement
^
D19/09'2021
CX
T-61.70
PJardiland
LLogement:Jardin
^
D20/09'2021
CX
T-5.49
PCourses
LCourses
^
D21/09'2021
CX
T300.00
PMammy
LDivers
^
D21/09'2021
CX
T-1,000.00
LVirmt vers un compte supprimé
^
D22/09'2021
CX
T-82.01
PGazole
LAutomobile:Carburant
^
D22/09'2021
CX
T-0.99
PCourses
LCourses
^
D24/09'2021
CX
T-23.23
PCourses
LCourses
^
D24/09'2021
CX
T-39.85
PMagasin Vert
LLogement:Jardin
^
D24/09'2021
CX
T4,680.95
PSolde
LTraitements et salaires:Salaire net
^
D25/09'2021
CX
T-40.56
PCourses
LCourses
^
D25/09'2021
CX
T-148.30
PJardiland
LLogement:Jardin
^
D26/09'2021
CX
T-300.00
PVirement
L[B For Bank]
^
D27/09'2021
CX
T-371.50
PThierry
LLogement:Jardin
^
D27/09'2021
CX
T-100.00
L[B For Bank]
^
D27/09'2021
CX
T-42.63
PCourses
LCourses
^
D27/09'2021
CX
T-84.00
PAvion
LVacances:Voyage
^
D27/09'2021
CX
T-4.99
PCourses
LCourses
^
D30/09'2021
CX
T-4.00
PWWF
LDivers
^
D01/10'2021
CX
MAGPM
T-22.94
PGarantie PN
LAssurance:Vie
^
D01/10'2021
CX
MAGPM
T-25.66
PObjectif prévoyance
LAssurance:Vie
^
D01/10'2021
CX
T-150.00
PVirement
LVirmt vers un compte supprimé
^
D01/10'2021
CX
T-61.69
PAssurance Laguna
LAssurance:Automobile
^
D01/10'2021
CX
T-40.40
PAssurance Clio
LAssurance:Automobile
^
D01/10'2021
CX
T-25.80
PCotisation mensuelle
LFrais bancaires
^
D01/10'2021
CX
T-250.00
PGuillaume
LEnfants
^
D01/10'2021
CX
T-5.99
PCourses
LCourses
^
D02/10'2021
CX
MAGPM
T-62.65
PAssurance prêt
LAssurance:Crédit immobilier
^
D02/10'2021
CX
T-259.99
PAmazon
LLoisirs-culture:Informatique
^
D02/10'2021
CX
T-72.40
PSNCF
LTransports
^
D04/10'2021
CX
T-243.70
PGAN
LAssurance:Vie
^
D05/10'2021
CX
T-212.00
PDirect Energie
LLogement:Électricité
^
D05/10'2021
CX
T-16.82
PServElite
LLogement:Chauffage
^
D05/10'2021
CX
T-95.90
PCourses
LCourses
^
D06/10'2021
CX
T-22.39
PCanal +
LLoisirs-culture:Cinéma-spectacle
^
D07/10'2021
CX
T-1,465.15
PCrédit immobilier
LLogement:Remb. prêt immob. (capital)
^
D07/10'2021
CX
T223.00
PImpôts fonciers
LImpôts:Impôt sur le revenu
^
D10/10'2021
CX
T-122.28
PMutuelle
LSanté:Mutuelle
^
D10/10'2021
CX
T-114.13
PAmazon
LLoisirs-culture:Informatique
^
D11/10'2021
CX
T500.00
PEmilye
^
D12/10'2021
CX
T-6.99
PCourses
LCourses
^
D15/10'2021
CX
T-88.00
PImpôts fonciers
LImpôts:Fonciers
^
D15/10'2021
CX
T-200.00
PCARAC RMC
L[CARAC RMC]
^
D15/10'2021
CX
T-30.20
PPéage
LVacances:Voyage
^
D15/10'2021
CX
T-66.16
PAmazon
LLoisirs-culture:Informatique
^
D15/10'2021
CX
T-65.57
PWeldom
LLogement:Bricolage
^
D16/10'2021
CX
T-44.62
PAssurance maison
LAssurance:Habitation
^
D16/10'2021
CX
T-86.01
PGazole
LAutomobile:Carburant
^
D16/10'2021
CX
T-31.59
PMagasin Vert
LLogement:Jardin
^
D17/10'2021
CX
T-34.99
POrange
LLogement:Téléphone
^
D17/10'2021
CX
T-90.14
POrange
LLogement:Téléphone
^
D20/10'2021
CX
T-90.00
PCadeau
LCadeaux
^
D21/10'2021
CX
T-102.00
PCourses
LCourses
^
D22/10'2021
CX
T-183.03
PCourses
LCourses
^
D22/10'2021
CX
T-34.39
PCourses
LCourses
^
D22/10'2021
CX
T-50.00
PRetrait
LRetrait d'espèces
^
D22/10'2021
CX
T-0.99
PCourses
LCourses
^
D23/10'2021
CX
T-202.99
PAmazon
LLoisirs-culture:Informatique
^
D23/10'2021
CX
T-39.00
PFleurs
LDivers
^
D24/10'2021
CX
T5,339.40
PSolde
LTraitements et salaires:Salaire net
^
D24/10'2021
CX
T-188.00
PCourses
LCourses
^
D24/10'2021
CX
T-81.20
PRestaurant
LAlimentation:Restaurant
^
D26/10'2021
CX
T-300.00
PVirement
L[B For Bank]
^
D27/10'2021
CX
T-75.00
PMagasin Vert
LLogement:Jardin
^
D27/10'2021
CX
T-75.00
PMagasin Vert
LLogement:Jardin
^
D27/10'2021
CX
T-4.99
PCourses
LCourses
^
D28/10'2021
CX
T-47.86
PCourses
LCourses
^
D29/10'2021
CX
T17.50
PFrais de mission
^
D31/10'2021
CX
T-4.00
PWWF
LDivers
^
D01/11'2021
CX
MAGPM
T-22.94
PGarantie PN
LAssurance:Vie
^
D01/11'2021
CX
MAGPM
T-25.66
PObjectif prévoyance
LAssurance:Vie
^
D01/11'2021
CX
T-150.00
PVirement
LVirmt vers un compte supprimé
^
D01/11'2021
CX
T-55.79
PAssurance Laguna
LAssurance:Automobile
^
D01/11'2021
CX
T-46.30
PAssurance Clio
LAssurance:Automobile
^
D01/11'2021
CX
T-25.80
PCotisation mensuelle
LFrais bancaires
^
D01/11'2021
CX
T-250.00
PGuillaume
LEnfants
^
D01/11'2021
CX
T-179.90
PLeroy Merlin
LLogement:Bricolage
^
D01/11'2021
CX
T-5.99
PAmazon
LLoisirs-culture:Informatique
^
D02/11'2021
CX
MAGPM
T-62.65
PAssurance prêt
LAssurance:Crédit immobilier
^
D04/11'2021
CX
T-243.70
PGAN
LAssurance:Vie
^
D04/11'2021
CX
T208.90
PFrais de mission
^
D05/11'2021
CX
T-212.00
PDirect Energie
LLogement:Électricité
^
D05/11'2021
CX
T-16.82
PServElite
LLogement:Chauffage
^
D05/11'2021
CX
T-60.00
N824
PFleurs
LDivers
^
D06/11'2021
CX
T-15.78
PCanal +
LLoisirs-culture:Cinéma-spectacle
^
D07/11'2021
CX
T-1,465.15
PCrédit immobilier
LLogement:Remb. prêt immob. (capital)
^
D08/11'2021
CX
T-89.98
POrange
LLogement:Téléphone
^
D10/11'2021
CX
T-122.28
PMutuelle
LSanté:Mutuelle
^
D10/11'2021
CX
T500.00
PEmilye
^
D11/11'2021
CX
T-72.30
PDarty
LLogement:Électroménager
^
D12/11'2021
CX
T-86.00
PGazole
LAutomobile:Carburant
^
D12/11'2021
CX
T-69.94
PCourses
LCourses
^
D12/11'2021
CX
T-146.84
PLeroy Merlin
LLogement:Bricolage
^
D12/11'2021
CX
T-6.99
PCourses
LCourses
^
D15/11'2021
CX
T-200.00
PCARAC RMC
L[CARAC RMC]
^
D16/11'2021
CX
T-44.62
PAssurance maison
LAssurance:Habitation
^
D17/11'2021
CX
T-34.99
POrange
LLogement:Téléphone
^
D17/11'2021
CX
T-67.48
POrdures ménagères
LLogement:Charges
^
D19/11'2021
CX
T-423.44
PRenault
LAutomobile:Réparations-entretien
^
D20/11'2021
CX
T-35.86
PAmazon
LLoisirs-culture:Informatique
^
D22/11'2021
CX
T-0.99
PCourses
LCourses
^
D25/11'2021
CX
T4,932.33
PSolde
LTraitements et salaires:Salaire net
^
D25/11'2021
CX
T-73.93
PCourses
LCourses
^
D26/11'2021
CX
T-300.00
PVirement
L[B For Bank]
^
D27/11'2021
CX
T-219.00
PAmazon
LLoisirs-culture:Informatique
^
D27/11'2021
CX
T-232.40
PAmazon
LLoisirs-culture:Informatique
^
D27/11'2021
CX
T-34.95
PJardiland
LLogement:Jardin
^
D27/11'2021
CX
T-4.99
PCourses
LCourses
^
D29/11'2021
CX
T154.56
PFrais de mission
^
D30/11'2021
CX
T-4.00
PWWF
LDivers
^
D30/11'2021
CX
T-283.06
PURSSAF
LLogement:Salarié à domicile
^
D01/12'2021
CX
MAGPM
T-22.94
PGarantie PN
LAssurance:Vie
^
D01/12'2021
CX
MAGPM
T-25.66
PObjectif prévoyance
LAssurance:Vie
^
D01/12'2021
CX
T-150.00
PVirement
LVirmt vers un compte supprimé
^
D01/12'2021
CX
T-55.79
PAssurance Laguna
LAssurance:Automobile
^
D01/12'2021
CX
T-46.30
PAssurance Clio
LAssurance:Automobile
^
D01/12'2021
CX
T-25.80
PCotisation mensuelle
LFrais bancaires
^
D01/12'2021
CX
T-250.00
PGuillaume
LEnfants
^
D01/12'2021
CX
T35.00
PFrais de mission
^
D02/12'2021
CX
MAGPM
T-62.65
PAssurance prêt
LAssurance:Crédit immobilier
^
D04/12'2021
CX
T-243.70
PGAN
LAssurance:Vie
^
D05/12'2021
CX
T-212.00
PDirect Energie
LLogement:Électricité
^
D05/12'2021
CX
T-16.82
PServElite
LLogement:Chauffage
^
D06/12'2021
CX
T-22.39
PCanal +
LLoisirs-culture:Cinéma-spectacle
^
D07/12'2021
CX
T-1,465.15
PCrédit immobilier
LLogement:Remb. prêt immob. (capital)
^
D08/12'2021
CX
T-100.00
PURSSAF
LLogement:Salarié à domicile
^
D10/12'2021
CX
T-122.28
PMutuelle
LSanté:Mutuelle
^
D10/12'2021
CX
T500.00
PEmilye
^
D10/12'2021
CX
T72.00
PDirect Energie
LLogement:Électricité
^
D10/12'2021
CX
T-77.02
PGazole
LAutomobile:Carburant
^
D12/12'2021
CX
T-55.90
PAmazon
LLoisirs-culture:Informatique
^
D15/12'2021
CX
T-200.00
PCARAC RMC
L[CARAC RMC]
^
D15/12'2021
CX
T4,932.33
PSolde
LTraitements et salaires:Salaire net
^
D15/12'2021
CX
T-102.27
PCourses
LCourses
^
D15/12'2021
CX
T-44.91
PFnac
LLoisirs-culture:Informatique
^
D16/12'2021
CX
T-44.62
PAssurance maison
LAssurance:Habitation
^
D16/12'2021
CX
T-143.00
PCourses
LCourses
^
D17/12'2021
CX
T-34.99
POrange
LLogement:Téléphone
^
D17/12'2021
CX
T-90.31
POrange
LLogement:Téléphone
^
D18/12'2021
CX
T-39.30
PFleurs
LDivers
^
D18/12'2021
CX
T-86.48
PCourses
LCourses
^
D18/12'2021
CX
T-24.42
PCourses
LCourses
^
D23/12'2021
CX
T-149.99
PCadeau
LCadeaux
^
D23/12'2021
CX
T-28.44
PCourses
LCourses
^
D23/12'2021
CX
T-58.15
PCadeau
LCadeaux
^
D24/12'2021
CX
T-225.00
PURSSAF
LLogement:Salarié à domicile
^
D24/12'2021
CX
T-75.87
PCourses
LCourses
^
D26/12'2021
CX
T-300.00
PVirement
L[B For Bank]
^
D26/12'2021
CX
T-40.61
PCourses
LCourses
^
D27/12'2021
CX
T-119.99
PLeroy Merlin
LLogement:Bricolage
^
D27/12'2021
CX
T-4.99
PCourses
LCourses
^
D28/12'2021
CX
T-50.00
PNespresso
LCourses
^
D28/12'2021
CX
T-150.00
PMagasin Vert
LLogement:Jardin
^
D28/12'2021
CX
T-150.00
PMagasin Vert
LLogement:Jardin
^
D28/12'2021
CX
T-40.24
PNespresso
LCourses
^
D29/12'2021
CX
T-77.99
PAmazon
LLoisirs-culture:Informatique
^
D29/12'2021
CX
T-65.21
PCourses
LCourses
^
D31/12'2021
CX
T-4.00
PWWF
LDivers
^
D31/12'2021
CX
T-83.00
PGazole
LAutomobile:Carburant
^
D31/12'2021
CX
T-94.30
PCourses
LCourses
^
D01/01'2022
CX
MAGPM
T-22.94
PGarantie PN
LAssurance:Vie
^
D01/01'2022
CX
MAGPM
T-25.66
PObjectif prévoyance
LAssurance:Vie
^
D01/01'2022
CX
T-150.00
PVirement
LVirmt vers un compte supprimé
^
D01/01'2022
CX
T-55.79
PAssurance Laguna
LAssurance:Automobile
^
D01/01'2022
CX
T-46.30
PAssurance Clio
LAssurance:Automobile
^
D01/01'2022
CX
T-26.10
PCotisation mensuelle
LFrais bancaires
^
D01/01'2022
CX
T-250.00
PGuillaume
LEnfants
^
D02/01'2022
CX
MAGPM
T-62.65
PAssurance prêt
LAssurance:Crédit immobilier
^
D03/01'2022
CX
T70.00
PCourses
LCourses
^
D04/01'2022
CX
T-243.70
PGAN
LAssurance:Vie
^
D05/01'2022
CX
T-212.00
PDirect Energie
LLogement:Électricité
^
D05/01'2022
CX
T-16.82
PServElite
LLogement:Chauffage
^
D06/01'2022
CX
T-22.39
PCanal +
LLoisirs-culture:Cinéma-spectacle
^
D07/01'2022
CX
T-1,465.15
PCrédit immobilier
LLogement:Remb. prêt immob. (capital)
^
D10/01'2022
CX
T-129.19
PMutuelle
LSanté:Mutuelle
^
D10/01'2022
CX
T500.00
PEmilye
^
D10/01'2022
CX
T7.50
PRemboursement mutuelle
LSanté:Mutuelle
^
D10/01'2022
CX
T-46.60
PRestaurant
LAlimentation:Restaurant
^
D11/01'2022
CX
T103.40
PCourses
LCourses
^
D12/01'2022
CX
T-6.99
PCourses
LCourses
^
D12/01'2022
CX
T-69.90
PCastorama
LLogement:Bricolage
^
D12/01'2022
CX
T-38.20
PCourses
LCourses
^
D12/01'2022
CX
T-6.99
PCourses
LCourses
^
D13/01'2022
CX
T-177.18
PManoMano
LLogement:Bricolage
^
D14/01'2022
CX
T-109.54
PLa Redoute
LHabillement
^
D15/01'2022
CX
T-94.00
PTaxe d'habitation
LImpôts:Impôts locaux
^
D15/01'2022
CX
T-85.00
PImpôts fonciers
LImpôts:Fonciers
^
D15/01'2022
CX
T-200.00
PCARAC RMC
L[CARAC RMC]
^
D15/01'2022
CX
T-65.37
PCourses
LCourses
^
D15/01'2022
CX
T-43.50
PCourses
LCourses
^
D16/01'2022
CX
T-44.62
PAssurance maison
LAssurance:Habitation
^
D17/01'2022
CX
T-34.99
POrange
LLogement:Téléphone
^
D17/01'2022
CX
T-100.00
PURSSAF
LLogement:Salarié à domicile
^
D17/01'2022
CX
T378.00
PImpôts sur le revenu
LImpôts:Impôt sur le revenu
^
D17/01'2022
CX
T-89.98
POrange
LLogement:Téléphone
^
D20/01'2022
CX
T-125.00
PO2
LLogement:Jardin
^
D21/01'2022
CX
T-86.50
PCourses
LCourses
^
D22/01'2022
CX
T-0.99
PCourses
LCourses
^
D22/01'2022
CX
T-162.00
PCourses
LCourses
^
D22/01'2022
CX
T-68.69
PCourses
LCourses
^
D25/01'2022
CX
T4,932.33
PSolde
LTraitements et salaires:Salaire net
^
D26/01'2022
CX
T-300.00
PVirement
L[B For Bank]
^
D27/01'2022
CX
T-149.25
PVétérinaire
LAnimaux domestiques:Vétérinaire
^
D30/01'2022
CX
T-39.00
PNespresso
LCourses
^
D30/01'2022
CX
T-94.62
PCourses
LCourses
^
D30/01'2022
CX
T-89.04
PCourses
LCourses
^
D30/01'2022
CX
T86.19
PCourses
LCourses
^
D31/01'2022
CX
T-4.00
PWWF
LDivers
^
D31/01'2022
CX
T-55.92
PURSSAF
LLogement:Salarié à domicile
^
D01/02'2022
CX
MAGPM
T-22.94
PGarantie PN
LAssurance:Vie
^
D01/02'2022
CX
MAGPM
T-25.66
PObjectif prévoyance
LAssurance:Vie
^
D01/02'2022
CX
T-150.00
PVirement
LVirmt vers un compte supprimé
^
D01/02'2022
CX
T-55.79
PAssurance Laguna
LAssurance:Automobile
^
D01/02'2022
CX
T-46.30
PAssurance Clio
LAssurance:Automobile
^
D01/02'2022
CX
T-26.10
PCotisation mensuelle
LFrais bancaires
^
D01/02'2022
CX
T-250.00
PGuillaume
LEnfants
^
D02/02'2022
CX
MAGPM
T-62.65
PAssurance prêt
LAssurance:Crédit immobilier
^
D03/02'2022
CX
T-1,434.00
PRenault
LAutomobile:Réparations-entretien
^
D04/02'2022
CX
T-243.70
PGAN
LAssurance:Vie
^
D04/02'2022
CX
T500.00
LVirmt depuis un compte supprimé
^
D04/02'2022
CX
T-90.14
POrange
LLogement:Téléphone
^
D04/02'2022
CX
T-150.00
PO2
LLogement:Jardin
^
D05/02'2022
CX
T-212.00
PDirect Energie
LLogement:Électricité
^
D05/02'2022
CX
T-16.81
PServElite
LLogement:Chauffage
^
D05/02'2022
CX
T-92.63
PGazole
LAutomobile:Carburant
^
D06/02'2022
CX
T-22.39
PCanal +
LLoisirs-culture:Cinéma-spectacle
^
D07/02'2022
CX
T-1,465.15
PCrédit immobilier
LLogement:Remb. prêt immob. (capital)
^
D07/02'2022
CX
T7.50
PRemboursement mutuelle
LSanté:Mutuelle
^
D07/02'2022
CX
T-500.00
PEmilye
LDivers
^
D08/02'2022
CX
T-120.87
PCourses
LCourses
^
D08/02'2022
CX
T-45.22
PWeldom
LLogement:Bricolage
^
D09/02'2022
CX
T-74.74
PCourses
LCourses
^
D09/02'2022
CX
T-129.00
PVêtements
LHabillement
^
D09/02'2022
CX
T-76.97
PVêtements
LHabillement
^
D09/02'2022
CX
T-33.34
PFnac
LLoisirs-culture:Informatique
^
D09/02'2022
CX
T-294.00
PVêtements
LHabillement
^
D09/02'2022
CX
T-149.90
PCourses
LCourses
^
D09/02'2022
CX
T-60.60
PLeroy Merlin
LLogement:Bricolage
^
D10/02'2022
CX
T-170.97
PMutuelle
LSanté:Mutuelle
^
D13/02'2022
CX
T-42.04
PAmazon
LLoisirs-culture:Informatique
^
D13/02'2022
CX
T-200.00
L[B For Bank]
^
D14/02'2022
CX
T100.00
PEmilye
^
D14/02'2022
CX
T7.50
PRemboursement mutuelle
LSanté:Mutuelle
^
D15/02'2022
CX
T-94.00
PTaxe d'habitation
LImpôts:Impôts locaux
^
D15/02'2022
CX
T-85.00
PImpôts fonciers
LImpôts:Fonciers
^
D15/02'2022
CX
T-200.00
PCARAC RMC
L[CARAC RMC]
^
D15/02'2022
CX
T-43.38
PDentiste
LSanté:Dentiste
^
D16/02'2022
CX
T-44.62
PAssurance maison
LAssurance:Habitation
^
D17/02'2022
CX
T-34.99
POrange
LLogement:Téléphone
^
D18/02'2022
CX
T-78.02
PCourses
LCourses
^
D19/02'2022
CX
T-31.46
PAmazon
LLoisirs-culture:Informatique
^
D19/02'2022
CX
T-88.89
PMagasin Vert
LLogement:Jardin
^
D21/02'2022
CX
T7.50
PRemboursement mutuelle
LSanté:Mutuelle
^
D22/02'2022
CX
T50.00
PCourses
LCourses
^
D22/02'2022
CX
T13.02
PRemboursement mutuelle
LSanté:Mutuelle
^
D22/02'2022
CX
T30.36
PRemboursement sécurité sociale
LSanté:Mutuelle
^
D22/02'2022
CX
T-0.99
PCourses
LCourses
^
D24/02'2022
CX
T50.00
PRemboursement mutuelle
LSanté:Mutuelle
^
D25/02'2022
CX
T5,029.96
PSolde
LTraitements et salaires:Salaire net
^
D26/02'2022
CX
T-300.00
PVirement
L[B For Bank]
^
D27/02'2022
CX
T-4.99
PCourses
LCourses
^
D28/02'2022
CX
T-4.00
PWWF
LDivers
^
D28/02'2022
CX
T-39.00
PNespresso
LCourses
^
D28/02'2022
CX
T-71.40
PFrais de mission
^
D28/02'2022
CX
T-206.76
PURSSAF
LLogement:Salarié à domicile
^
D28/02'2022
CX
T7.50
PRemboursement mutuelle
LSanté:Mutuelle
^
D28/02'2022
CX
T-374.55
PAntenne
LLogement:Équipement
^
D01/03'2022
CX
MAGPM
T-22.94
PGarantie PN
LAssurance:Vie
^
D01/03'2022
CX
MAGPM
T-25.66
PObjectif prévoyance
LAssurance:Vie
^
D01/03'2022
CX
T-150.00
PVirement
LVirmt vers un compte supprimé
^
D01/03'2022
CX
T-55.79
PAssurance Laguna
LAssurance:Automobile
^
D01/03'2022
CX
T-45.64
PAssurance Clio
LAssurance:Automobile
^
D01/03'2022
CX
T-26.10
PCotisation mensuelle
LFrais bancaires
^
D01/03'2022
CX
T-250.00
PGuillaume
LEnfants
^
D01/03'2022
CX
T-158.61
PManoMano
LLogement:Bricolage
^
D02/03'2022
CX
MAGPM
T-62.65
PAssurance prêt
LAssurance:Crédit immobilier
^
D04/03'2022
CX
T-243.70
PGAN
LAssurance:Vie
^
D04/03'2022
CX
T-48.00
PFleurs
LDivers
^
D05/03'2022
CX
T-212.00
PDirect Energie
LLogement:Électricité
^
D05/03'2022
CX
T-16.95
PServElite
LLogement:Chauffage
^
D06/03'2022
CX
T-22.39
PCanal +
LLoisirs-culture:Cinéma-spectacle
^
D06/03'2022
CX
T-58.99
PAmazon
LLoisirs-culture:Informatique
^
D06/03'2022
CX
T-80.87
PAmazon
LLoisirs-culture:Informatique
^
D07/03'2022
CX
T-1,465.15
PCrédit immobilier
LLogement:Remb. prêt immob. (capital)
^
D08/03'2022
CX
T-71.10
POrange
LLogement:Téléphone
^
D08/03'2022
CX
T-109.00
PGazole
LAutomobile:Carburant
^
D10/03'2022
CX
T-150.08
PMutuelle
LSanté:Mutuelle
^
D11/03'2022
CX
T141.90
PChèque
^
D11/03'2022
CX
T-88.78
PCourses
LCourses
^
D12/03'2022
CX
T-6.99
PCourses
LCourses
^
D12/03'2022
CX
T-6.99
PCourses
LCourses
^
D14/03'2022
CX
T-165.65
PEau
LLogement:Eau
^
D15/03'2022
CX
T-94.00
PTaxe d'habitation
LImpôts:Impôts locaux
^
D15/03'2022
CX
T-85.00
PImpôts fonciers
LImpôts:Fonciers
^
D15/03'2022
CX
T-200.00
PCARAC RMC
L[CARAC RMC]
^
D15/03'2022
CX
T140.68
PManoMano
^
D16/03'2022
CX
T-44.62
PAssurance maison
LAssurance:Habitation
^
D17/03'2022
CX
T-34.99
POrange
LLogement:Téléphone
^
D22/03'2022
CX
T-0.99
PCourses
LCourses
^
D22/03'2022
CX
T-68.00
PCourses
LCourses
^
D22/03'2022
CX
T-0.99
PCourses
LCourses
^
D25/03'2022
CX
T5,065.18
PSolde
LTraitements et salaires:Salaire net
^
D26/03'2022
CX
T-300.00
PVirement
L[B For Bank]
^
D27/03'2022
CX
T-4.99
PCourses
LCourses
^
D27/03'2022
CX
T-134.10
PAmazon
LLoisirs-culture:Informatique
^
D27/03'2022
CX
T-4.99
PCourses
LCourses
^
D28/03'2022
CX
T-69.03
PGazole
LAutomobile:Carburant
^
D29/03'2022
CX
T-176.95
PMagasin Vert
LLogement:Jardin
^
D30/03'2022
CX
T-39.00
PNespresso
LCourses
^
D30/03'2022
CX
T-100.00
PCadeau
LCadeaux
^
D31/03'2022
CX
T-4.00
PWWF
LDivers
^
D31/03'2022
CX
T-85.00
PMagasin Vert
LLogement:Jardin
^
D31/03'2022
CX
T-172.94
PURSSAF
LLogement:Salarié à domicile
^
D01/04'2022
CX
MAGPM
T-22.94
PGarantie PN
LAssurance:Vie
^
D01/04'2022
CX
MAGPM
T-25.66
PObjectif prévoyance
LAssurance:Vie
^
D01/04'2022
CX
T-150.00
PVirement
LVirmt vers un compte supprimé
^
D01/04'2022
CX
T-55.79
PAssurance Laguna
LAssurance:Automobile
^
D01/04'2022
CX
T-45.64
PAssurance Clio
LAssurance:Automobile
^
D01/04'2022
CX
T-26.10
PCotisation mensuelle
LFrais bancaires
^
D01/04'2022
CX
T-250.00
PGuillaume
LEnfants
^
D02/04'2022
CX
MAGPM
T-62.65
PAssurance prêt
LAssurance:Crédit immobilier
^
D02/04'2022
CX
T-67.08
PCourses
LCourses
^
D04/04'2022
CX
T-243.70
PGAN
LAssurance:Vie
^
D05/04'2022
CX
T-212.00
PDirect Energie
LLogement:Électricité
^
D05/04'2022
CX
T-16.95
PServElite
LLogement:Chauffage
^
D06/04'2022
CX
T-22.39
PCanal +
LLoisirs-culture:Cinéma-spectacle
^
D07/04'2022
CX
T-1,465.15
PCrédit immobilier
LLogement:Remb. prêt immob. (capital)
^
D09/04'2022
CX
T-55.48
PAmazon
LLoisirs-culture:Informatique
^
D10/04'2022
CX
T-150.08
PMutuelle
LSanté:Mutuelle
^
D10/04'2022
CX
T-64.30
PManoMano
LLogement:Bricolage
^
D12/04'2022
CX
T-6.99
PCourses
LCourses
^
D13/04'2022
CX
T-223.99
PAmazon
LLoisirs-culture:Informatique
^
D15/04'2022
CX
T-94.00
PTaxe d'habitation
LImpôts:Impôts locaux
^
D15/04'2022
CX
T-85.00
PImpôts fonciers
LImpôts:Fonciers
^
D15/04'2022
CX
T-200.00
PCARAC RMC
L[CARAC RMC]
^
D15/04'2022
CX
T-101.50
PCourses
LCourses
^
D16/04'2022
CX
T-44.62
PAssurance maison
LAssurance:Habitation
^
D17/04'2022
CX
T-34.99
POrange
LLogement:Téléphone
^
D19/04'2022
CX
T7.50
PRemboursement mutuelle
LSanté:Mutuelle
^
D19/04'2022
CX
T-95.08
POrange
LLogement:Téléphone
^
D19/04'2022
CX
T-50.34
PCourses
LCourses
^
D20/04'2022
CX
T-250.00
PO2
LLogement:Jardin
^
D20/04'2022
CX
T-38.13
PAmazon
LLoisirs-culture:Informatique
^
D20/04'2022
CX
T-58.06
PAmazon
LLoisirs-culture:Informatique
^
D21/04'2022
CX
T-75.00
PGazole
LAutomobile:Carburant
^
D21/04'2022
CX
T-112.45
PMagasin Vert
LLogement:Jardin
^
D21/04'2022
CX
T39.98
PCourses
LCourses
^
D22/04'2022
CX
T-0.99
PCourses
LCourses
^
D26/04'2022
CX
T5,040.45
PSolde
LTraitements et salaires:Salaire net
^
D26/04'2022
CX
T-64.30
PAmazon
LLoisirs-culture:Informatique
^
D26/04'2022
CX
T64.30
PManoMano
^
D27/04'2022
CX
T-4.99
PCourses
LCourses
^
D28/04'2022
CX
T-300.00
PVirement
L[B For Bank]
^
D30/04'2022
CX
T-4.00
PWWF
LDivers
^
D30/04'2022
CX
T-39.00
PNespresso
LCourses
^
D01/05'2022
CX
MAGPM
T-22.94
PGarantie PN
LAssurance:Vie
^
D01/05'2022
CX
MAGPM
T-25.66
PObjectif prévoyance
LAssurance:Vie
^
D01/05'2022
CX
T-150.00
PVirement
LVirmt vers un compte supprimé
^
D01/05'2022
CX
T-55.79
PAssurance Laguna
LAssurance:Automobile
^
D01/05'2022
CX
T-46.30
PAssurance Clio
LAssurance:Automobile
^
D01/05'2022
CX
T-26.10
PCotisation mensuelle
LFrais bancaires
^
D01/05'2022
CX
T-250.00
PGuillaume
LEnfants
^
D02/05'2022
CX
MAGPM
T-62.65
PAssurance prêt
LAssurance:Crédit immobilier
^
D02/05'2022
CX
T11.52
PRemboursement mutuelle
LSanté:Mutuelle
^
D02/05'2022
CX
T-35.61
PAGPM
LAssurance:Automobile
^
D03/05'2022
CX
T-50.40
PAmazon
LLoisirs-culture:Informatique
^
D04/05'2022
CX
T-243.70
PGAN
LAssurance:Vie
^
D05/05'2022
CX
T-212.00
PDirect Energie
LLogement:Électricité
^
D05/05'2022
CX
T-16.95
PServElite
LLogement:Chauffage
^
D06/05'2022
CX
T-22.39
PCanal +
LLoisirs-culture:Cinéma-spectacle
^
D06/05'2022
CX
T-89.98
POrange
LLogement:Téléphone
^
D06/05'2022
CX
T-450.00
PO2
LLogement:Jardin
^
D06/05'2022
CX
T-145.15
PCourses
LCourses
^
D06/05'2022
CX
T-35.00
PMagasin Vert
LLogement:Jardin
^
D07/05'2022
CX
T-1,465.15
PCrédit immobilier
LLogement:Remb. prêt immob. (capital)
^
D10/05'2022
CX
T-150.08
PMutuelle
LSanté:Mutuelle
^
D11/05'2022
CX
T-54.61
PCourses
LCourses
^
D11/05'2022
CX
T-111.80
PMagasin Vert
LLogement:Jardin
^
D12/05'2022
CX
T-6.99
PCourses
LCourses
^
D12/05'2022
CX
T-55.90
PMagasin Vert
LLogement:Jardin
^
D15/05'2022
CX
T-94.00
PTaxe d'habitation
LImpôts:Impôts locaux
^
D15/05'2022
CX
T-85.00
PImpôts fonciers
LImpôts:Fonciers
^
D15/05'2022
CX
T-200.00
PCARAC RMC
L[CARAC RMC]
^
D16/05'2022
CX
T-44.62
PAssurance maison
LAssurance:Habitation
^
D17/05'2022
CX
T-34.99
POrange
LLogement:Téléphone
^
D19/05'2022
CX
T-53.70
PRestaurant
LAlimentation:Restaurant
^
D20/05'2022
CX
T-105.01
PGazole
LAutomobile:Carburant
^
D21/05'2022
CX
T-43.90
PCourses
LCourses
^
D23/05'2022
CX
T-0.99
PCourses
LCourses
^
D25/05'2022
CX
T5,040.45
PSolde
LTraitements et salaires:Salaire net
^
D25/05'2022
CX
T-40.00
PRetrait
LRetrait d'espèces
^
D26/05'2022
CX
T-300.00
PVirement
L[B For Bank]
^
D27/05'2022
CX
T-38.80
PLeroy Merlin
LLogement:Bricolage
^
D27/05'2022
CX
T-4.99
PCourses
LCourses
^
D28/05'2022
CX
T-71.50
PFleurs
LDivers
^
D30/05'2022
CX
T-39.00
PNespresso
LCourses
^
D30/05'2022
CX
T-35.70
PJardiland
LLogement:Jardin
^
D30/05'2022
CX
T-81.10
PJardiland
LLogement:Jardin
^
D30/05'2022
CX
T-26.00
PCourses
LCourses
^
D31/05'2022
CX
T-4.00
PWWF
LDivers
^
D01/06'2022
CX
MAGPM
T-22.94
PGarantie PN
LAssurance:Vie
^
D01/06'2022
CX
MAGPM
T-25.66
PObjectif prévoyance
LAssurance:Vie
^
D01/06'2022
CX
T-150.00
PVirement
LVirmt vers un compte supprimé
^
D01/06'2022
CX
T-55.79
PAssurance Laguna
LAssurance:Automobile
^
D01/06'2022
CX
T-43.01
PAssurance Clio
LAssurance:Automobile
^
D01/06'2022
CX
T-26.10
PCotisation mensuelle
LFrais bancaires
^
D01/06'2022
CX
T-250.00
PGuillaume
LEnfants
^
D01/06'2022
CX
T-65.35
PCourses
LCourses
^
D01/06'2022
CX
T-57.40
PCourses
LCourses
^
D01/06'2022
CX
T-96.00
PGazole
LAutomobile:Carburant
^
D02/06'2022
CX
MAGPM
T-62.65
PAssurance prêt
LAssurance:Crédit immobilier
^
D03/06'2022
CX
T0.33
PIntérêts
^
D03/06'2022
CX
T1,000.00
LVirmt depuis un compte supprimé
^
D04/06'2022
CX
T-243.70
PGAN
LAssurance:Vie
^
D05/06'2022
CX
T-16.95
PServElite
LLogement:Chauffage
^
D06/06'2022
CX
T-22.39
PCanal +
LLoisirs-culture:Cinéma-spectacle
^
D06/06'2022
CX
T-59.50
PJardiland
LLogement:Jardin
^
D07/06'2022
CX
T-1,465.15
PCrédit immobilier
LLogement:Remb. prêt immob. (capital)
^
D08/06'2022
CX
T-121.62
PRenault
LAutomobile:Réparations-entretien
^
D09/06'2022
CX
T-89.98
POrange
LLogement:Téléphone
^
D09/06'2022
CX
T-105.01
PGazole
LAutomobile:Carburant
^
D10/06'2022
CX
T-150.08
PMutuelle
LSanté:Mutuelle
^
D10/06'2022
CX
T-975.00
PO2
LLogement:Jardin
^
D11/06'2022
CX
T-150.00
PRetrait
LRetrait d'espèces
^
D12/06'2022
CX
T-49.50
PSNCF
LTransports
^
D13/06'2022
CX
T-6.99
PCourses
LCourses
^
D14/06'2022
CX
T146.17
PDirect Energie
LLogement:Électricité
^
D15/06'2022
CX
T-94.00
PTaxe d'habitation
LImpôts:Impôts locaux
^
D15/06'2022
CX
T-85.00
PImpôts fonciers
LImpôts:Fonciers
^
D15/06'2022
CX
T-200.00
PCARAC RMC
L[CARAC RMC]
^
D15/06'2022
CX
T-30.00
PFleurs
LDivers
^
D16/06'2022
CX
T-44.62
PAssurance maison
LAssurance:Habitation
^
D17/06'2022
CX
T-34.99
POrange
LLogement:Téléphone
^
D17/06'2022
CX
T35.00
PFrais de mission
^
D19/06'2022
CX
T-37.50
PSNCF
LTransports
^
D19/06'2022
CX
T-69.20
PSNCF
LTransports
^
D22/06'2022
CX
T-58.50
PSNCF
LTransports
^
D23/06'2022
CX
T-67.00
PSNCF
LTransports
^
D24/06'2022
CX
T-101.65
PCourses
LCourses
^
D25/06'2022
CX
T-38.25
PRestaurant
LAlimentation:Restaurant
^
D25/06'2022
CX
T-39.99
PVêtements
LHabillement
^
D26/06'2022
CX
T-300.00
PVirement
L[B For Bank]
^
D26/06'2022
CX
T-149.80
PHôtel
LVacances:Logement
^
D26/06'2022
CX
T-100.00
L[B For Bank]
^
D26/06'2022
CX
T5,040.45
PSolde
LTraitements et salaires:Salaire net
^
D27/06'2022
CX
T-69.80
PFleurs
LDivers
^
D27/06'2022
CX
T-1,053.00
PVêtements
LHabillement
^
D28/06'2022
CX
T-20.00
PRestaurant
LAlimentation:Restaurant
^
D28/06'2022
CX
T-21.50
PRestaurant
LAlimentation:Restaurant
^
D28/06'2022
CX
T37.50
PSNCF
LTransports
^
D29/06'2022
CX
T-163.58
PCourses
LCourses
^
D30/06'2022
CX
T-480.40
PURSSAF
LLogement:Salarié à domicile
^
D30/06'2022
CX
T-4.00
PWWF
LDivers
^
D30/06'2022
CX
T-250.00
PO2
LLogement:Jardin
^
D30/06'2022
CX
T-39.00
PNespresso
LCourses
^
D30/06'2022
CX
T-26.40
PRestaurant
LAlimentation:Restaurant
^
D30/06'2022
CX
T-21.30
PRestaurant
LAlimentation:Restaurant
^
D01/07'2022
CX
MAGPM
T-22.94
PGarantie PN
LAssurance:Vie
^
D01/07'2022
CX
T-71.99
POrdures ménagères
LLogement:Charges
^
D01/07'2022
CX
T-0.99
PCourses
LCourses
^
D01/07'2022
CX
MAGPM
T-25.66
PObjectif prévoyance
LAssurance:Vie
^
D01/07'2022
CX
T-150.00
PVirement
LVirmt vers un compte supprimé
^
D01/07'2022
CX
T-55.79
PAssurance Laguna
LAssurance:Automobile
^
D01/07'2022
CX
T-43.01
PAssurance Clio
LAssurance:Automobile
^
D01/07'2022
CX
T-26.10
PCotisation mensuelle
LFrais bancaires
^
D01/07'2022
CX
T-250.00
PGuillaume
LEnfants
^
D01/07'2022
CX
T-20.50
PCourses
LCourses
^
D02/07'2022
CX
MAGPM
T-62.65
PAssurance prêt
LAssurance:Crédit immobilier
^
D02/07'2022
CX
T-35.05
PCourses
LCourses
^
D02/07'2022
CX
T-100.01
PGazole
LAutomobile:Carburant
^
D04/07'2022
CX
T-243.70
PGAN
LAssurance:Vie
^
D05/07'2022
CX
T-211.00
PDirect Energie
LLogement:Électricité
^
D05/07'2022
CX
T-16.95
PServElite
LLogement:Chauffage
^
D06/07'2022
CX
T-22.39
PCanal +
LLoisirs-culture:Cinéma-spectacle
^
D07/07'2022
CX
T-1,465.15
PCrédit immobilier
LLogement:Remb. prêt immob. (capital)
^
D08/07'2022
CX
T-55.50
PCinéma
LLoisirs-culture:Cinéma-spectacle
^
D09/07'2022
CX
T-50.00
PCourses
LCourses
^
D09/07'2022
CX
T-97.28
PCourses
LCourses
^
D09/07'2022
CX
T1,662.00
PImpôts fonciers
LImpôts:Impôt sur le revenu
^
D09/07'2022
CX
T-8.99
PCourses
LCourses
^
D10/07'2022
CX
T16.80
PSNCF
LTransports
^
D10/07'2022
CX
T-150.08
PMutuelle
LSanté:Mutuelle
^
D10/07'2022
CX
T-211.39
PO2
LLogement:Jardin
^
D11/07'2022
CX
T7.50
PRemboursement mutuelle
LSanté:Mutuelle
^
D12/07'2022
CX
T-6.99
PCourses
LCourses
^
D13/07'2022
CX
T-249.94
PArrosage
LConstruction maison:Arrosage
^
D15/07'2022
CX
T-94.00
PTaxe d'habitation
LImpôts:Impôts locaux
^
D15/07'2022
CX
T-85.00
PImpôts fonciers
LImpôts:Fonciers
^
D15/07'2022
CX
T-200.00
PCARAC RMC
L[CARAC RMC]
^
D15/07'2022
CX
T-90.31
POrange
LLogement:Téléphone
^
D15/07'2022
CX
T-19.50
PPéage
LVacances:Voyage
^
D16/07'2022
CX
T-44.62
PAssurance maison
LAssurance:Habitation
^
D16/07'2022
CX
T-33.20
PMagasin Vert
LLogement:Jardin
^
D17/07'2022
CX
T-34.99
POrange
LLogement:Téléphone
^
D20/07'2022
CX
T-24.20
PCourses
LCourses
^
D20/07'2022
CX
T-81.80
PLeroy Merlin
LLogement:Bricolage
^
D20/07'2022
CX
T-45.70
PCastorama
LLogement:Bricolage
^
D21/07'2022
CX
T-56.76
PAmazon
LLoisirs-culture:Informatique
^
D22/07'2022
CX
T11.24
PRemboursement mutuelle
LSanté:Mutuelle
^
D22/07'2022
CX
T-89.44
PCourses
LCourses
^
D22/07'2022
CX
T-9.01
PGazole
LAutomobile:Carburant
^
D22/07'2022
CX
T-0.99
PCourses
LCourses
^
D24/07'2022
CX
T-31.20
PAmazon
LLoisirs-culture:Informatique
^
D24/07'2022
CX
T-77.38
PAmazon
LLoisirs-culture:Informatique
^
D25/07'2022
CX
T5,006.55
PSolde
LTraitements et salaires:Salaire net
^
D25/07'2022
CX
T-13.99
PCourses
LCourses
^
D25/07'2022
CX
T-25.45
PMagasin Vert
LLogement:Jardin
^
D26/07'2022
CX
T-300.00
PVirement
L[B For Bank]
^
D26/07'2022
CX
T-72.99
PGazole
LAutomobile:Carburant
^
D27/07'2022
CX
T-4.99
PCourses
LCourses
^
D27/07'2022
CX
T-4.99
PCourses
LCourses
^
D28/07'2022
CX
T-29.98
PCourses
LCourses
^
D29/07'2022
CX
T-710.99
PURSSAF
LLogement:Salarié à domicile
^
D30/07'2022
CX
T-69.18
PCourses
LCourses
^
D30/07'2022
CX
T-31.70
PCourses
LCourses
^
D31/07'2022
CX
T-4.00
PWWF
LDivers
^
D01/08'2022
CX
MAGPM
T-22.94
PGarantie PN
LAssurance:Vie
^
D01/08'2022
CX
MAGPM
T-25.66
PObjectif prévoyance
LAssurance:Vie
^
D01/08'2022
CX
T-150.00
PVirement
LVirmt vers un compte supprimé
^
D01/08'2022
CX
T-55.79
PAssurance Laguna
LAssurance:Automobile
^
D01/08'2022
CX
T-49.46
PAssurance Clio
LAssurance:Automobile
^
D01/08'2022
CX
T-26.10
PCotisation mensuelle
LFrais bancaires
^
D01/08'2022
CX
T-250.00
PGuillaume
LEnfants
^
D02/08'2022
CX
MAGPM
T-62.65
PAssurance prêt
LAssurance:Crédit immobilier
^
D02/08'2022
CX
T17.50
PFrais de mission
^
D02/08'2022
CX
T-119.00
PChaussures
LHabillement
^
D02/08'2022
CX
T-36.89
PCourses
LCourses
^
D03/08'2022
CX
T-100.88
PO2
LLogement:Jardin
^
D04/08'2022
CX
T-243.70
PGAN
LAssurance:Vie
^
D04/08'2022
CX
T12.60
PCourses
LCourses
^
D04/08'2022
CX
T-51.49
PMagasin Vert
LLogement:Jardin
^
D04/08'2022
CX
T-56.65
PCourses
LCourses
^
D05/08'2022
CX
T-211.00
PDirect Energie
LLogement:Électricité
^
D05/08'2022
CX
T-16.95
PServElite
LLogement:Chauffage
^
D05/08'2022
CX
T7.50
PRemboursement mutuelle
LSanté:Mutuelle
^
D05/08'2022
CX
T-340.78
PAmazon
LLoisirs-culture:Informatique
^
D05/08'2022
CX
T500.00
LVirmt depuis un compte supprimé
^
D06/08'2022
CX
T-22.39
PCanal +
LLoisirs-culture:Cinéma-spectacle
^
D06/08'2022
CX
T-89.98
POrange
LLogement:Téléphone
^
D07/08'2022
CX
T-1,465.15
PCrédit immobilier
LLogement:Remb. prêt immob. (capital)
^
D09/08'2022
CX
T-64.75
PAmazon
LLoisirs-culture:Informatique
^
D09/08'2022
CX
T-26.56
PHôtel
LVacances:Logement
^
D10/08'2022
CX
T-150.08
PMutuelle
LSanté:Mutuelle
^
D10/08'2022
CX
T-32.88
PCourses
LCourses
^
D12/08'2022
CX
T-99.01
PGazole
LAutomobile:Carburant
^
D12/08'2022
CX
T-6.99
PCourses
LCourses
^
D13/08'2022
CX
T-78.90
PHôtel
LVacances:Logement
^
D14/08'2022
CX
T-126.42
PAmazon
LLoisirs-culture:Informatique
^
D15/08'2022
CX
T-94.00
PTaxe d'habitation
LImpôts:Impôts locaux
^
D15/08'2022
CX
T-85.00
PImpôts fonciers
LImpôts:Fonciers
^
D15/08'2022
CX
T-200.00
PCARAC RMC
L[CARAC RMC]
^
D16/08'2022
CX
T-44.62
PAssurance maison
LAssurance:Habitation
^
D17/08'2022
CX
T-34.99
POrange
LLogement:Téléphone
^
D18/08'2022
CX
T-122.99
PO2
LLogement:Jardin
^
D21/08'2022
CX
T-37.00
PAmazon
LLoisirs-culture:Informatique
^
D24/08'2022
CX
T-0.99
PCourses
LCourses
^
D26/08'2022
CX
T5,039.75
PSolde
LTraitements et salaires:Salaire net
^
D27/08'2022
CX
T-66.71
PCourses
LCourses
^
D27/08'2022
CX
T-44.40
PWeldom
LLogement:Bricolage
^
D27/08'2022
CX
T-90.22
PCourses
LCourses
^
D27/08'2022
CX
T-30.99
PMagasin Vert
LLogement:Jardin
^
D27/08'2022
CX
T-4.99
PCourses
LCourses
^
D27/08'2022
CX
T-60.00
PFleurs
LDivers
^
D29/08'2022
CX
T-300.00
PVirement
L[B For Bank]
^
D30/08'2022
CX
T-39.00
PNespresso
LCourses
^
D30/08'2022
CX
T-295.51
PEau
LLogement:Eau
^
D30/08'2022
CX
T-70.00
PFleurs
LDivers
^
D31/08'2022
CX
T-4.00
PWWF
LDivers
^
D31/08'2022
CX
T-153.72
PURSSAF
LLogement:Salarié à domicile
^
D01/09'2022
CX
MAGPM
T-22.94
PGarantie PN
LAssurance:Vie
^
D01/09'2022
CX
MAGPM
T-25.66
PObjectif prévoyance
LAssurance:Vie
^
D01/09'2022
CX
T-150.00
PVirement
LVirmt vers un compte supprimé
^
D01/09'2022
CX
T-55.79
PAssurance Laguna
LAssurance:Automobile
^
D01/09'2022
CX
T-43.56
PAssurance Clio
LAssurance:Automobile
^
D01/09'2022
CX
T-26.10
PCotisation mensuelle
LFrais bancaires
^
D01/09'2022
CX
T-250.00
PGuillaume
LEnfants
^
D01/09'2022
CX
T-34.72
PCourses
LCourses
^
D02/09'2022
CX
MAGPM
T-62.65
PAssurance prêt
LAssurance:Crédit immobilier
^
D02/09'2022
CX
T610.71
PFrais de mission
^
D03/09'2022
CX
T-43.94
PCourses
LCourses
^
D03/09'2022
CX
T-38.87
PWeldom
LLogement:Bricolage
^
D04/09'2022
CX
T-256.90
PGAN
LAssurance:Vie
^
D05/09'2022
CX
T-211.00
PDirect Energie
LLogement:Électricité
^
D05/09'2022
CX
T-16.95
PServElite
LLogement:Chauffage
^
D06/09'2022
CX
T-22.39
PCanal +
LLoisirs-culture:Cinéma-spectacle
^
D07/09'2022
CX
T-1,465.15
PCrédit immobilier
LLogement:Remb. prêt immob. (capital)
^
D07/09'2022
CX
T-33.00
PWeldom
LLogement:Bricolage
^
D08/09'2022
CX
T-29.89
PAmazon
LLoisirs-culture:Informatique
^
D09/09'2022
CX
T-100.88
PO2
LLogement:Jardin
^
D10/09'2022
CX
T-150.08
PMutuelle
LSanté:Mutuelle
^
D10/09'2022
CX
T-71.00
PCourses
LCourses
^
D11/09'2022
CX
T-160.44
PVétérinaire
LAnimaux domestiques:Vétérinaire
^
D12/09'2022
CX
T-6.99
PCourses
LCourses
^
D15/09'2022
CX
T-94.00
PTaxe d'habitation
LImpôts:Impôts locaux
^
D15/09'2022
CX
T-85.00
PImpôts fonciers
LImpôts:Fonciers
^
D15/09'2022
CX
T-200.00
PCARAC RMC
L[CARAC RMC]
^
D16/09'2022
CX
T-45.91
PAssurance maison
LAssurance:Habitation
^
D16/09'2022
CX
T-56.00
PCourses
LCourses
^
D16/09'2022
CX
T-89.98
POrange
LLogement:Téléphone
^
D17/09'2022
CX
T-34.99
POrange
LLogement:Téléphone
^
D17/09'2022
CX
T-58.79
PAmazon
LLoisirs-culture:Informatique
^
D18/09'2022
CX
T-92.00
PGazole
LAutomobile:Carburant
^
D18/09'2022
CX
T-31.42
PAmazon
LLoisirs-culture:Informatique
^
D20/09'2022
CX
T-89.81
PLeroy Merlin
LLogement:Bricolage
^
D22/09'2022
CX
T-0.99
PCourses
LCourses
^
D23/09'2022
CX
T-38.00
PCourses
LCourses
^
D23/09'2022
CX
T-60.00
PRetrait
LRetrait d'espèces
^
D26/09'2022
CX
T5,470.73
PSolde
LTraitements et salaires:Salaire net
^
D27/09'2022
CX
T-300.00
PVirement
L[B For Bank]
^
D27/09'2022
CX
T-102.01
PGazole
LAutomobile:Carburant
^
D27/09'2022
CX
T-4.99
PCourses
LCourses
^
D27/09'2022
CX
T-900.00
N827
PRobot
LLogement:Jardin
^
D30/09'2022
CX
T-100.88
PO2
LLogement:Jardin
^
D30/09'2022
CX
T-4.00
PWWF
LDivers
^
D30/09'2022
CX
T-39.00
PNespresso
LCourses
^
D30/09'2022
CX
T-68.40
PSNCF
LTransports
^
D30/09'2022
CX
T-33.49
PCourses
LCourses
^
D30/09'2022
CX
T-305.00
N826
PVidange fosse
LLogement:Charges
^
D01/10'2022
CX
MAGPM
T-22.94
PGarantie PN
LAssurance:Vie
^
D01/10'2022
CX
MAGPM
T-25.66
PObjectif prévoyance
LAssurance:Vie
^
D01/10'2022
CX
T-150.00
PVirement
LVirmt vers un compte supprimé
^
D01/10'2022
CX
T-55.79
PAssurance Laguna
LAssurance:Automobile
^
D01/10'2022
CX
T-43.56
PAssurance Clio
LAssurance:Automobile
^
D01/10'2022
CX
T-26.10
PCotisation mensuelle
LFrais bancaires
^
D01/10'2022
CX
T-250.00
PGuillaume
LEnfants
^
D02/10'2022
CX
T-100.88
PO2
LLogement:Jardin
^
D02/10'2022
CX
MAGPM
T-62.65
PAssurance prêt
LAssurance:Crédit immobilier
^
D04/10'2022
CX
T-256.90
PGAN
LAssurance:Vie
^
D05/10'2022
CX
T-211.00
PDirect Energie
LLogement:Électricité
^
D05/10'2022
CX
T-95.74
POrange
LLogement:Téléphone
^
D05/10'2022
CX
T-200.00
N830
PArnold
LCadeaux
^
D06/10'2022
CX
T-22.39
PCanal +
LLoisirs-culture:Cinéma-spectacle
^
D06/10'2022
CX
T470.00
PImpôts sur le revenu
LImpôts:Impôt sur le revenu
^
D06/10'2022
CX
T-68.40
PSNCF
LTransports
^
D06/10'2022
CX
T-68.40
PSNCF
LTransports
^
D07/10'2022
CX
T-1,465.15
PCrédit immobilier
LLogement:Remb. prêt immob. (capital)
^
D07/10'2022
CX
T-28.20
PAmazon
LLoisirs-culture:Informatique
^
D07/10'2022
CX
T-39.94
PCourses
LCourses
^
D07/10'2022
CX
T-36.00
PCourses
LCourses
^
D08/10'2022
CX
T-40.00
PRetrait
LRetrait d'espèces
^
D08/10'2022
CX
T-80.98
PCourses
LCourses
^
D08/10'2022
CX
T-76.01
PGazole
LAutomobile:Carburant
^
D09/10'2022
CX
T-90.00
PCourses
LCourses
^
D10/10'2022
CX
T-150.08
PMutuelle
LSanté:Mutuelle
^
D12/10'2022
CX
T-6.99
PCourses
LCourses
^
D12/10'2022
CX
T-34.99
PCourses
LCourses
^
D12/10'2022
CX
T-49.00
PCourses
LCourses
^
D14/10'2022
CX
T-109.00
PVêtements
LHabillement
^
D14/10'2022
CX
T-37.50
PRestaurant
LAlimentation:Restaurant
^
D14/10'2022
CX
T-24.99
PCourses
LCourses
^
D15/10'2022
CX
T-85.00
PImpôts fonciers
LImpôts:Fonciers
^
D15/10'2022
CX
T-200.00
PCARAC RMC
L[CARAC RMC]
^
D16/10'2022
CX
T-45.95
PAssurance maison
LAssurance:Habitation
^
D16/10'2022
CX
T1,995.00
PFrais de mission
^
D16/10'2022
CX
T-36.00
PRestaurant
LAlimentation:Restaurant
^
D17/10'2022
CX
T-34.99
POrange
LLogement:Téléphone
^
D18/10'2022
CX
T-100.00
PCourses
LCourses
^
D19/10'2022
CX
T-59.50
PSNCF
LTransports
^
D19/10'2022
CX
T-31.25
PCourses
LCourses
^
D19/10'2022
CX
T-73.50
PSNCF
LTransports
^
D19/10'2022
CX
T-16.00
PSNCF
LTransports
^
D21/10'2022
CX
T-37.45
PFleurs
LDivers
^
D22/10'2022
CX
T-0.99
PCourses
LCourses
^
D23/10'2022
CX
T-100.00
L[B For Bank]
^
D24/10'2022
CX
T-89.00
PBillets avion
LVacances:Voyage
^
D24/10'2022
CX
T-35.59
PCourses
LCourses
^
D25/10'2022
CX
T5,183.42
PSolde
LTraitements et salaires:Salaire net
^
D26/10'2022
CX
T-300.00
PVirement
L[B For Bank]
^
D26/10'2022
CX
T-42.75
PCourses
LCourses
^
D26/10'2022
CX
T-100.00
L[B For Bank]
^
D27/10'2022
CX
T-100.88
PURSSAF
LLogement:Salarié à domicile
^
D27/10'2022
CX
T-4.99
PCourses
LCourses
^
D27/10'2022
CX
T-900.00
N828
PRobot
LLogement:Jardin
^
D29/10'2022
CX
T-71.50
PSNCF
LTransports
^
D29/10'2022
CX
T-36.50
PSNCF
LTransports
^
D29/10'2022
CX
T16.00
PSNCF
LTransports
^
D29/10'2022
CX
T33.50
PSNCF
LTransports
^
D30/10'2022
CX
T-39.00
PNespresso
LCourses
^
D31/10'2022
CX
T-4.00
PWWF
LDivers
^
D31/10'2022
CX
T-157.90
PCourses
LCourses
^
D31/10'2022
CX
T-30.89
PCourses
LCourses
^
D01/11'2022
CX
MAGPM
T-22.94
PGarantie PN
LAssurance:Vie
^
D01/11'2022
CX
MAGPM
T-25.66
PObjectif prévoyance
LAssurance:Vie
^
D01/11'2022
CX
T-150.00
PVirement
LVirmt vers un compte supprimé
^
D01/11'2022
CX
T-55.79
PAssurance Laguna
LAssurance:Automobile
^
D01/11'2022
CX
T-43.56
PAssurance Clio
LAssurance:Automobile
^
D01/11'2022
CX
T-26.10
PCotisation mensuelle
LFrais bancaires
^
D01/11'2022
CX
T-250.00
PGuillaume
LEnfants
^
D02/11'2022
CX
MAGPM
T-62.65
PAssurance prêt
LAssurance:Crédit immobilier
^
D02/11'2022
CX
T-165.00
PBillets avion
LVacances:Voyage
^
D02/11'2022
CX
T-37.01
PCourses
LCourses
^
D03/11'2022
CX
T-40.00
PSNCF
LTransports
^
D04/11'2022
CX
T-256.90
PGAN
LAssurance:Vie
^
D04/11'2022
CX
T-36.50
PSNCF
LTransports
^
D04/11'2022
CX
T-59.50
PRestaurant
LAlimentation:Restaurant
^
D04/11'2022
CX
T-70.12
PVêtements
LHabillement
^
D05/11'2022
CX
T-211.00
PDirect Energie
LLogement:Électricité
^
D05/11'2022
CX
T-165.00
PChaussures
LHabillement
^
D06/11'2022
CX
T-22.39
PCanal +
LLoisirs-culture:Cinéma-spectacle
^
D07/11'2022
CX
T-1,465.15
PCrédit immobilier
LLogement:Remb. prêt immob. (capital)
^
D08/11'2022
CX
T-90.06
POrange
LLogement:Téléphone
^
D08/11'2022
CX
T-37.50
PSNCF
LTransports
^
D09/11'2022
CX
T-44.55
PRestaurant
LAlimentation:Restaurant
^
D09/11'2022
CX
T-36.50
PSNCF
LTransports
^
D10/11'2022
CX
T-150.08
PMutuelle
LSanté:Mutuelle
^
D10/11'2022
CX
T-43.30
PSNCF
LTransports
^
D10/11'2022
CX
T-24.00
PSNCF
LTransports
^
D10/11'2022
CX
T-16.00
PSNCF
LTransports
^
D10/11'2022
CX
T150.50
PSNCF
LTransports
^
D11/11'2022
CX
T-17.99
PAmazon
LLoisirs-culture:Informatique
^
D12/11'2022
CX
T-36.96
PCourses
LCourses
^
D15/11'2022
CX
T-200.00
PCARAC RMC
L[CARAC RMC]
^
D16/11'2022
CX
T-45.95
PAssurance maison
LAssurance:Habitation
^
D16/11'2022
CX
T-19.99
PAmazon
LLoisirs-culture:Informatique
^
D16/11'2022
CX
T-29.00
PImpôts fonciers
LImpôts:Fonciers
^
D17/11'2022
CX
T-34.99
POrange
LLogement:Téléphone
^
D17/11'2022
CX
T-40.00
PBillets avion
LVacances:Voyage
^
D17/11'2022
CX
T-6.99
PCourses
LCourses
^
D17/11'2022
CX
T-100.88
PURSSAF
LLogement:Salarié à domicile
^
D18/11'2022
CX
T-74.00
PCourses
LCourses
^
D19/11'2022
CX
T154.80
PSNCF
LTransports
^
D20/11'2022
CX
T-20.16
PCourses
LCourses
^
D21/11'2022
CX
T-39.00
PNespresso
LCourses
^
D22/11'2022
CX
T-0.99
PCourses
LCourses
^
D25/11'2022
CX
T-43.59
PCourses
LCourses
^
D25/11'2022
CX
T-26.00
PCourses
LCourses
^
D25/11'2022
CX
T5,168.06
PSolde
LTraitements et salaires:Salaire net
^
D26/11'2022
CX
T-300.00
PVirement
L[B For Bank]
^
D26/11'2022
CX
T-40.00
PRetrait
LRetrait d'espèces
^
D26/11'2022
CX
T-30.00
PCourses
LCourses
^
D26/11'2022
CX
T-28.06
PCourses
LCourses
^
D27/11'2022
CX
T-172.50
PVêtements
LHabillement
^
D29/11'2022
CX
T-6.99
PCourses
LCourses
^
D29/11'2022
CX
T-768.30
N829
PRobot
LLogement:Jardin
^
D30/11'2022
CX
T-4.00
PWWF
LDivers
^
D30/11'2022
CX
T-39.00
PNespresso
LCourses
^
D30/11'2022
CX
T-30.40
PRestaurant
LAlimentation:Restaurant
^
D30/11'2022
CX
T-98.00
PBillets avion
LVacances:Voyage
^
D01/12'2022
CX
MAGPM
T-22.94
PGarantie PN
LAssurance:Vie
^
D01/12'2022
CX
MAGPM
T-25.66
PObjectif prévoyance
LAssurance:Vie
^
D01/12'2022
CX
T-150.00
PVirement
LVirmt vers un compte supprimé
^
D01/12'2022
CX
T-55.79
PAssurance Laguna
LAssurance:Automobile
^
D01/12'2022
CX
T-53.12
PAssurance Clio
LAssurance:Automobile
^
D01/12'2022
CX
T-26.10
PCotisation mensuelle
LFrais bancaires
^
D01/12'2022
CX
T-250.00
PGuillaume
LEnfants
^
D02/12'2022
CX
MAGPM
T-62.65
PAssurance prêt
LAssurance:Crédit immobilier
^
D03/12'2022
CX
T-149.61
PURSSAF
LLogement:Salarié à domicile
^
D04/12'2022
CX
T-107.00
PBillets avion
LVacances:Voyage
^
D04/12'2022
CX
T-256.90
PGAN
LAssurance:Vie
^
D05/12'2022
CX
T-98.00
PBillets avion
LVacances:Voyage
^
D05/12'2022
CX
T-211.00
PDirect Energie
LLogement:Électricité
^
D06/12'2022
CX
T-89.98
POrange
LLogement:Téléphone
^
D06/12'2022
CX
T-22.39
PCanal +
LLoisirs-culture:Cinéma-spectacle
^
D07/12'2022
CX
T-1,465.15
PCrédit immobilier
LLogement:Remb. prêt immob. (capital)
^
D09/12'2022
CX
T-29.95
PWeldom
LLogement:Bricolage
^
D09/12'2022
CX
T-46.00
PCourses
LCourses
^
D10/12'2022
CX
T-150.08
PMutuelle
LSanté:Mutuelle
^
D11/12'2022
CX
T-63.00
PCourses
LCourses
^
D12/12'2022
CX
T-6.99
PCourses
LCourses
^
D12/12'2022
CX
T-30.19
PWeldom
LLogement:Bricolage
^
D13/12'2022
CX
T-110.00
PRenault
LAutomobile:Réparations-entretien
^
D13/12'2022
CX
T-60.00
PRetrait
LRetrait d'espèces
^
D14/12'2022
CX
T-53.49
PMagasin Vert
LLogement:Jardin
^
D14/12'2022
CX
T-40.04
PCourses
LCourses
^
D15/12'2022
CX
T-200.00
PCARAC RMC
L[CARAC RMC]
^
D16/12'2022
CX
T-45.95
PAssurance maison
LAssurance:Habitation
^
D16/12'2022
CX
T5,282.02
PSolde
LTraitements et salaires:Salaire net
^
D16/12'2022
CX
T-100.00
L[B For Bank]
^
D16/12'2022
CX
T-170.50
PArmor Génie
LLogement:Chauffage
^
D17/12'2022
CX
T-34.99
POrange
LLogement:Téléphone
^
D17/12'2022
CX
T-142.39
PManoMano
LLogement:Bricolage
^
D17/12'2022
CX
T-84.15
PCourses
LCourses
^
D19/12'2022
CX
T-35.00
PAmazon
LLoisirs-culture:Informatique
^
D19/12'2022
CX
T-78.00
PCourses
LCourses
^
D19/12'2022
CX
T-37.02
PCourses
LCourses
^
D19/12'2022
CX
T2.25
PRemboursement mutuelle
LSanté:Mutuelle
^
D20/12'2022
CX
T-3,397.50
PHôtel
LVacances:Logement
^
D22/12'2022
CX
T-19.99
PAmazon
LLoisirs-culture:Informatique
^
D23/12'2022
CX
T-0.99
PCourses
LCourses
^
D23/12'2022
CX
T-53.50
PWeldom
LLogement:Bricolage
^
D24/12'2022
CX
T-66.99
PVétérinaire
LAnimaux domestiques:Vétérinaire
^
D24/12'2022
CX
T-75.00
PSNCF
LTransports
^
D24/12'2022
CX
T-14.30
PSNCF
LTransports
^
D24/12'2022
CX
T-216.00
PSNCF
LTransports
^
D24/12'2022
CX
T-46.00
PSNCF
LTransports
^
D24/12'2022
CX
T400.00
PEmilye
^
D24/12'2022
CX
T-42.78
PCourses
LCourses
^
D25/12'2022
CX
T-100.00
PAmazon
LLoisirs-culture:Informatique
^
D25/12'2022
CX
T-90.01
PGazole
LAutomobile:Carburant
^
D26/12'2022
CX
T-300.00
PVirement
L[B For Bank]
^
D26/12'2022
CX
T-19.92
PAmazon
LLoisirs-culture:Informatique
^
D27/12'2022
CX
T-6.99
PCourses
LCourses
^
D28/12'2022
CX
T-36.00
PCourses
LCourses
^
D29/12'2022
CX
T-109.18
PCourses
LCourses
^
D31/12'2022
CX
T-4.00
PWWF
LDivers
^
D01/01'2023
CX
T-150.00
PVirement
LVirmt vers un compte supprimé
^
D01/01'2023
CX
T-26.35
PCotisation mensuelle
LFrais bancaires
^
D01/01'2023
CX
T-250.00
PGuillaume
LEnfants
^
D01/01'2023
CX
T-150.76
PAGPM
^
D02/01'2023
CX
MAGPM
T-62.65
PAssurance prêt
LAssurance:Crédit immobilier
^
D03/01'2023
CX
T1,000.00
LVirmt depuis un compte supprimé
^
D04/01'2023
CX
T-256.90
PGAN
LAssurance:Vie
^
D05/01'2023
CX
T-211.00
PDirect Energie
LLogement:Électricité
^
D05/01'2023
CX
T-138.30
PSNCF
LTransports
^
D05/01'2023
CX
T-46.00
PSNCF
LTransports
^
D06/01'2023
CX
T-22.39
PCanal +
LLoisirs-culture:Cinéma-spectacle
^
D06/01'2023
CX
T2,441.40
PFrais de mission
^
D07/01'2023
CX
T-1,465.15
PCrédit immobilier
LLogement:Remb. prêt immob. (capital)
^
D07/01'2023
CX
T-29.73
PCourses
LCourses
^
D09/01'2023
CX
T-59.76
PRestaurant
LAlimentation:Restaurant
^
D09/01'2023
CX
T500.00
LVirmt depuis un compte supprimé
^
D10/01'2023
CX
T-157.06
PMutuelle
LSanté:Mutuelle
^
D13/01'2023
CX
T-86.07
PGazole
LAutomobile:Carburant
^
D15/01'2023
CX
T-87.00
PImpôts fonciers
LImpôts:Fonciers
^
D15/01'2023
CX
T-200.00
PCARAC RMC
L[CARAC RMC]
^
D16/01'2023
CX
T-45.95
PAssurance maison
LAssurance:Habitation
^
D16/01'2023
CX
T274.00
PImpôts fonciers
LImpôts:Impôt sur le revenu
^
D16/01'2023
CX
T-89.98
POrange
LLogement:Téléphone
^
D16/01'2023
CX
T-51.13
PPharmacie
LSanté:Pharmacie
^
D17/01'2023
CX
T-34.99
POrange
LLogement:Téléphone
^
D20/01'2023
CX
T-67.80
PCourses
LCourses
^
D20/01'2023
CX
T-110.49
PAmazon
LLoisirs-culture:Informatique
^
D20/01'2023
CX
T-60.31
PCourses
LCourses
^
D20/01'2023
CX
T-39.93
PCourses
LCourses
^
D22/01'2023
CX
T-37.94
PAmazon
LLoisirs-culture:Informatique
^
D23/01'2023
CX
T-39.90
PAmazon
LLoisirs-culture:Informatique
^
D25/01'2023
CX
T5,055.27
PSolde
LTraitements et salaires:Salaire net
^
D25/01'2023
CX
T-75.89
PAmazon
LLoisirs-culture:Informatique
^
D26/01'2023
CX
T-300.00
PVirement
L[B For Bank]
^
D26/01'2023
CX
T-100.00
L[B For Bank]
^
D26/01'2023
CX
T-99.45
PGazole
LAutomobile:Carburant
^
D28/01'2023
CX
T-49.40
PCourses
LCourses
^
D30/01'2023
CX
T-250.32
PAmazon
LLoisirs-culture:Informatique
^
D31/01'2023
CX
T-4.00
PWWF
LDivers
^
D01/02'2023
CX
T-150.00
PVirement
LVirmt vers un compte supprimé
^
D01/02'2023
CX
T-26.35
PCotisation mensuelle
LFrais bancaires
^
D01/02'2023
CX
T-250.00
PGuillaume
LEnfants
^
D01/02'2023
CX
T-150.76
PAGPM
^
D02/02'2023
CX
MAGPM
T-62.65
PAssurance prêt
LAssurance:Crédit immobilier
^
D04/02'2023
CX
T-256.90
PGAN
LAssurance:Vie
^
D04/02'2023
CX
T-66.60
PCourses
LCourses
^
D04/02'2023
CX
T-129.00
PCourses
LCourses
^
D05/02'2023
CX
T-211.00
PDirect Energie
LLogement:Électricité
^
D06/02'2023
CX
T-22.39
PCanal +
LLoisirs-culture:Cinéma-spectacle
^
D07/02'2023
CX
T-1,465.15
PCrédit immobilier
LLogement:Remb. prêt immob. (capital)
^
D07/02'2023
CX
T-90.34
POrange
LLogement:Téléphone
^
D07/02'2023
CX
T-140.00
PBillets avion
LVacances:Voyage
^
D10/02'2023
CX
T-157.06
PMutuelle
LSanté:Mutuelle
^
D10/02'2023
CX
T-76.41
PCourses
LCourses
^
D10/02'2023
CX
T-32.93
PWeldom
LLogement:Bricolage
^
D10/02'2023
CX
T-55.00
PCourses
LCourses
^
D10/02'2023
CX
T-45.00
PCourses
LCourses
^
D12/02'2023
CX
T-29.20
PCourses
LCourses
^
D14/02'2023
CX
T-81.60
PRestaurant
LAlimentation:Restaurant
^
D14/02'2023
CX
T-32.00
PPéage
LVacances:Voyage
^
D15/02'2023
CX
T-87.00
PImpôts fonciers
LImpôts:Fonciers
^
D15/02'2023
CX
T-200.00
PCARAC RMC
L[CARAC RMC]
^
D15/02'2023
CX
T129.00
PRemboursement mutuelle
LSanté:Mutuelle
^
D16/02'2023
CX
T-45.95
PAssurance maison
LAssurance:Habitation
^
D16/02'2023
CX
T-80.00
PControle technique
LAutomobile:Réparations-entretien
^
D17/02'2023
CX
T-34.99
POrange
LLogement:Téléphone
^
D17/02'2023
CX
T72.00
PDirect Energie
LLogement:Électricité
^
D17/02'2023
CX
T-148.99
PAmazon
LLoisirs-culture:Informatique
^
D18/02'2023
CX
T-35.98
PCourses
LCourses
^
D18/02'2023
CX
T-39.30
PLeroy Merlin
LLogement:Bricolage
^
D18/02'2023
CX
T-59.50
PCourses
LCourses
^
D18/02'2023
CX
T-38.80
PJardiland
LLogement:Jardin
^
D20/02'2023
CX
T-103.01
PGazole
LAutomobile:Carburant
^
D21/02'2023
CX
T-60.00
PRetrait
LRetrait d'espèces
^
D22/02'2023
CX
T-0.99
PCourses
LCourses
^
D22/02'2023
CX
T-111.80
PAmazon
LLoisirs-culture:Informatique
^
D22/02'2023
CX
T-0.99
PCourses
LCourses
^
D24/02'2023
CX
T210.00
PEmilye
^
D24/02'2023
CX
T238.00
PFrais de mission
^
D24/02'2023
CX
T-29.99
PCourses
LCourses
^
D25/02'2023
CX
T-100.00
L[B For Bank]
^
D26/02'2023
CX
T-300.00
PVirement
L[B For Bank]
^
D27/02'2023
CX
T6,308.65
PSolde
LTraitements et salaires:Salaire net
^
D27/02'2023
CX
T-3.49
PCanal +
LLoisirs-culture:Cinéma-spectacle
^
D28/02'2023
CX
T-4.00
PWWF
LDivers
^
D28/02'2023
CX
T-34.39
PWeldom
LLogement:Bricolage
^
D01/03'2023
CX
T-150.00
PVirement
LVirmt vers un compte supprimé
^
D01/03'2023
CX
T-26.35
PCotisation mensuelle
LFrais bancaires
^
D01/03'2023
CX
T-250.00
PGuillaume
LEnfants
^
D01/03'2023
CX
T-193.95
PAGPM
^
D02/03'2023
CX
MAGPM
T-62.65
PAssurance prêt
LAssurance:Crédit immobilier
^
D02/03'2023
CX
T-59.60
PAmazon
LLoisirs-culture:Informatique
^
D03/03'2023
CX
T1,686.37
PAssurance maison
^
D03/03'2023
CX
T-1,686.37
PPortail
LLogement
^
D04/03'2023
CX
T-256.90
PGAN
LAssurance:Vie
^
D05/03'2023
CX
T-211.00
PDirect Energie
LLogement:Électricité
^
D06/03'2023
CX
T-22.39
PCanal +
LLoisirs-culture:Cinéma-spectacle
^
D07/03'2023
CX
T-1,465.15
PCrédit immobilier
LLogement:Remb. prêt immob. (capital)
^
D07/03'2023
CX
T-71.70
PSNCF
LTransports
^
D07/03'2023
CX
T-69.70
PSNCF
LTransports
^
D07/03'2023
CX
T-69.70
PSNCF
LTransports
^
D09/03'2023
CX
T-90.56
POrange
LLogement:Téléphone
^
D10/03'2023
CX
T-157.06
PMutuelle
LSanté:Mutuelle
^
D11/03'2023
CX
T-56.00
PCourses
LCourses
^
D11/03'2023
CX
T-32.44
PWeldom
LLogement:Bricolage
^
D12/03'2023
CX
T-53.58
PCourses
LCourses
^
D15/03'2023
CX
T-87.00
PImpôts fonciers
LImpôts:Fonciers
^
D15/03'2023
CX
T-200.00
PCARAC RMC
L[CARAC RMC]
^
D15/03'2023
CX
T205.00
PFrais de mission
^
D15/03'2023
CX
T-90.60
PWeldom
LLogement:Bricolage
^
D16/03'2023
CX
T-45.95
PAssurance maison
LAssurance:Habitation
^
D17/03'2023
CX
T-197.53
PEau
LLogement:Eau
^
D17/03'2023
CX
T-34.99
POrange
LLogement:Téléphone
^
D17/03'2023
CX
T-34.00
PCourses
LCourses
^
D18/03'2023
CX
T-100.00
PCourses
LCourses
^
D21/03'2023
CX
T-100.00
PCadeau
LCadeaux
^
D21/03'2023
CX
T-100.70
PURSSAF
LLogement:Salarié à domicile
^
D22/03'2023
CX
T-41.50
PRestaurant
LAlimentation:Restaurant
^
D22/03'2023
CX
T-0.99
PCourses
LCourses
^
D23/03'2023
CX
T-31.70
PRestaurant
LAlimentation:Restaurant
^
D24/03'2023
CX
T-98.00
PGazole
LAutomobile:Carburant
^
D24/03'2023
CX
T-100.00
L[B For Bank]
^
D24/03'2023
CX
T-30.28
PWeldom
LLogement:Bricolage
^
D24/03'2023
CX
T-53.00
PCourses
LCourses
^
D25/03'2023
CX
T17.50
PFrais de mission
^
D25/03'2023
CX
T-41.00
PCourses
LCourses
^
D25/03'2023
CX
T-44.95
PMagasin Vert
LLogement:Jardin
^
D26/03'2023
CX
T-300.00
PVirement
L[B For Bank]
^
D27/03'2023
CX
T5,499.84
PSolde
LTraitements et salaires:Salaire net
^
D31/03'2023
CX
T-4.00
PWWF
LDivers
^
D31/03'2023
CX
T-445.98
POrange
LLogement:Téléphone
^
D31/03'2023
CX
T-47.18
PRestaurant
LAlimentation:Restaurant
^
D31/03'2023
CX
T-62.80
PLeroy Merlin
LLogement:Bricolage
^
D31/03'2023
CX
T-50.00
PCourses
LCourses
^
D01/04'2023
CX
T-150.00
PVirement
LVirmt vers un compte supprimé
^
D01/04'2023
CX
T-26.35
PCotisation mensuelle
LFrais bancaires
^
D01/04'2023
CX
T-250.00
PGuillaume
LEnfants
^
D01/04'2023
CX
T-189.18
PAGPM
^
D02/04'2023
CX
MAGPM
T-62.65
PAssurance prêt
LAssurance:Crédit immobilier
^
D03/04'2023
CX
T-50.00
PCadeau
LCadeaux
^
D03/04'2023
CX
T-50.00
PRestaurant
LAlimentation:Restaurant
^
D03/04'2023
CX
T52.50
PFrais de mission
^
D04/04'2023
CX
T-256.90
PGAN
LAssurance:Vie
^
D04/04'2023
CX
T-29.70
PRestaurant
LAlimentation:Restaurant
^
D05/04'2023
CX
T-137.00
PDirect Energie
LLogement:Électricité
^
D05/04'2023
CX
T-29.68
PRestaurant
LAlimentation:Restaurant
^
D06/04'2023
CX
T-22.39
PCanal +
LLoisirs-culture:Cinéma-spectacle
^
D07/04'2023
CX
T-1,465.15
PCrédit immobilier
LLogement:Remb. prêt immob. (capital)
^
D07/04'2023
CX
T-50.00
PCourses
LCourses
^
D07/04'2023
CX
T-40.00
PRetrait
LRetrait d'espèces
^
D07/04'2023
CX
T1,364.00
PMammy
LDivers
^
D08/04'2023
CX
T-63.99
PAmazon
LLoisirs-culture:Informatique
^
D08/04'2023
CX
T-49.64
PCourses
LCourses
^
D10/04'2023
CX
T-31.13
PMutuelle
LSanté:Mutuelle
^
D12/04'2023
CX
T-596.92
PAmazon
LLoisirs-culture:Informatique
^
D12/04'2023
CX
T-93.90
PLDLC
LLoisirs-culture:Informatique
^
D12/04'2023
CX
T-82.63
PJardiland
LLogement:Jardin
^
D13/04'2023
CX
T-31.20
PCourses
LCourses
^
D14/04'2023
CX
T-63.99
PAmazon
LLoisirs-culture:Informatique
^
D15/04'2023
CX
T-87.00
PImpôts fonciers
LImpôts:Fonciers
^
D15/04'2023
CX
T-200.00
PCARAC RMC
L[CARAC RMC]
^
D16/04'2023
CX
T-45.95
PAssurance maison
LAssurance:Habitation
^
D17/04'2023
CX
T-34.99
POrange
LLogement:Téléphone
^
D17/04'2023
CX
T-46.55
PCourses
LCourses
^
D17/04'2023
CX
T-89.98
POrange
LLogement:Téléphone
^
D18/04'2023
CX
T-102.00
PMagasin Vert
LLogement:Jardin
^
D19/04'2023
CX
T-2.86
PCourses
LCourses
^
D20/04'2023
CX
T-40.00
PCourses
LCourses
^
D20/04'2023
CX
T140.00
PFrais de mission
^
D20/04'2023
CX
T-1,364.00
PPension Mammy
LMammy:pension
^
D21/04'2023
CX
T-94.01
PGazole
LAutomobile:Carburant
^
D21/04'2023
CX
T-26.43
PCourses
LCourses
^
D21/04'2023
CX
T-69.70
PSNCF
LTransports
^
D21/04'2023
CX
T-69.70
PSNCF
LTransports
^
D22/04'2023
CX
T-100.00
L[B For Bank]
^
D22/04'2023
CX
T-188.93
PURSSAF
LLogement:Salarié à domicile
^
D22/04'2023
CX
T-252.45
PJardiland
LLogement:Jardin
^
D22/04'2023
CX
T-48.96
PIkea
LLogement:Ameublement
^
D25/04'2023
CX
T5,181.04
PSolde
LTraitements et salaires:Salaire net
^
D25/04'2023
CX
T-49.90
PMagasin Vert
LLogement:Jardin
^
D26/04'2023
CX
T-300.00
PVirement
L[B For Bank]
^
D26/04'2023
CX
T-44.68
PAmazon
LLoisirs-culture:Informatique
^
D26/04'2023
CX
T-341.00
PPension Mammy
LMammy:pension
^
D26/04'2023
CX
T341.00
PMammy
LDivers
^
D29/04'2023
CX
T-62.27
PCourses
LCourses
^
D30/04'2023
CX
T-4.00
PWWF
LDivers
^
D01/05'2023
CX
T-150.00
PVirement
LVirmt vers un compte supprimé
^
D01/05'2023
CX
T-26.35
PCotisation mensuelle
LFrais bancaires
^
D01/05'2023
CX
T-250.00
PGuillaume
LEnfants
^
D01/05'2023
CX
T-233.39
PAGPM
^
D02/05'2023
CX
MAGPM
T-62.65
PAssurance prêt
LAssurance:Crédit immobilier
^
D02/05'2023
CX
T-37.25
PAmazon
LLoisirs-culture:Informatique
^
D02/05'2023
CX
T-74.25
PRestaurant
LAlimentation:Restaurant
^
D03/05'2023
CX
T-35.00
PRestaurant
LAlimentation:Restaurant
^
D04/05'2023
CX
T-256.90
PGAN
LAssurance:Vie
^
D05/05'2023
CX
T-237.00
PDirect Energie
LLogement:Électricité
^
D06/05'2023
CX
T-22.39
PCanal +
LLoisirs-culture:Cinéma-spectacle
^
D06/05'2023
CX
T-150.00
PEmilye
LDivers
^
D06/05'2023
CX
T-48.65
PCourses
LCourses
^
D07/05'2023
CX
T-1,465.15
PCrédit immobilier
LLogement:Remb. prêt immob. (capital)
^
D09/05'2023
CX
T-25.82
PRestaurant
LAlimentation:Restaurant
^
D10/05'2023
CX
T-31.13
PMutuelle
LSanté:Mutuelle
^
D10/05'2023
CX
T-30.50
PRestaurant
LAlimentation:Restaurant
^
D10/05'2023
CX
T48.00
PFrais de mission
^
D11/05'2023
CX
T-38.60
PRestaurant
LAlimentation:Restaurant
^
D12/05'2023
CX
T-27.60
PRestaurant
LAlimentation:Restaurant
^
D12/05'2023
CX
T69.70
PSNCF
LTransports
^
D14/05'2023
CX
T-50.00
PCadeau
LCadeaux
^
D15/05'2023
CX
T-87.00
PImpôts fonciers
LImpôts:Fonciers
^
D15/05'2023
CX
T-200.00
PCARAC RMC
L[CARAC RMC]
^
D15/05'2023
CX
T140.00
PFrais de mission
^
D15/05'2023
CX
T-89.98
POrange
LLogement:Téléphone
^
D16/05'2023
CX
T-45.95
PAssurance maison
LAssurance:Habitation
^
D16/05'2023
CX
T-100.70
PURSSAF
LLogement:Salarié à domicile
^
D17/05'2023
CX
T-34.99
POrange
LLogement:Téléphone
^
D17/05'2023
CX
T-45.90
PWeldom
LLogement:Bricolage
^
D19/05'2023
CX
T-2.99
PCourses
LCourses
^
D20/05'2023
CX
T-45.10
PJardiland
LLogement:Jardin
^
D20/05'2023
CX
T-156.66
PEurodif
LHabillement
^
D20/05'2023
CX
T-94.95
PNorauto
LAutomobile:Réparations-entretien
^
D20/05'2023
CX
T-203.04
PCourses
LCourses
^
D20/05'2023
CX
T-37.85
PCastorama
LLogement:Bricolage
^
D21/05'2023
CX
T-54.27
PAmazon
LLoisirs-culture:Informatique
^
D24/05'2023
CX
T44.68
PAmazon
LLoisirs-culture:Informatique
^
D26/05'2023
CX
T-300.00
PVirement
L[B For Bank]
^
D26/05'2023
CX
T5,181.04
PSolde
LTraitements et salaires:Salaire net
^
D27/05'2023
CX
T-161.90
PLeroy Merlin
LLogement:Bricolage
^
D27/05'2023
CX
T-40.00
PCourses
LCourses
^
D27/05'2023
CX
T-24.00
PCourses
LCourses
^
D28/05'2023
CX
T-341.00
PPension Mammy
LMammy:pension
^
D28/05'2023
CX
T341.00
PMammy
LDivers
^
D30/05'2023
CX
T-117.63
PAmazon
LLoisirs-culture:Informatique
^
D30/05'2023
CX
T-87.00
PGazole
LAutomobile:Carburant
^
D31/05'2023
CX
T-4.00
PWWF
LDivers
^
D31/05'2023
CX
T-46.30
PHôtel
LVacances:Logement
^
D31/05'2023
CX
T-52.60
PRestaurant
LAlimentation:Restaurant
^
D31/05'2023
CX
T-29.66
PRestaurant
LAlimentation:Restaurant
^
D01/06'2023
CX
T-150.00
PVirement
LVirmt vers un compte supprimé
^
D01/06'2023
CX
T-26.35
PCotisation mensuelle
LFrais bancaires
^
D01/06'2023
CX
T-250.00
PGuillaume
LEnfants
^
D01/06'2023
CX
T-193.49
PAGPM
^
D01/06'2023
CX
T0.71
PIntérêts
^
D02/06'2023
CX
MAGPM
T-62.65
PAssurance prêt
LAssurance:Crédit immobilier
^
D03/06'2023
CX
T-43.50
PCourses
LCourses
^
D03/06'2023
CX
T-80.00
PFleurs
LDivers
^
D04/06'2023
CX
T-256.90
PGAN
LAssurance:Vie
^
D04/06'2023
CX
T-32.15
PAmazon
LLoisirs-culture:Informatique
^
D04/06'2023
CX
T-155.04
PCoté Verdure
LLogement:Jardin
^
D05/06'2023
CX
T-267.12
PDirect Energie
LLogement:Électricité
^
D06/06'2023
CX
T-22.99
PCanal +
LLoisirs-culture:Cinéma-spectacle
^
D06/06'2023
CX
T-466.68
PAmazon
LLoisirs-culture:Informatique
^
D07/06'2023
CX
T-1,465.15
PCrédit immobilier
LLogement:Remb. prêt immob. (capital)
^
D07/06'2023
CX
T-51.98
PAmazon
LLoisirs-culture:Informatique
^
D07/06'2023
CX
T-20.00
PBillets avion
LVacances:Voyage
^
D09/06'2023
CX
T106.70
PFrais de mission
^
D10/06'2023
CX
T-31.13
PMutuelle
LSanté:Mutuelle
^
D10/06'2023
CX
T-120.46
PCourses
LCourses
^
D15/06'2023
CX
T-87.00
PImpôts fonciers
LImpôts:Fonciers
^
D15/06'2023
CX
T-200.00
PCARAC RMC
L[CARAC RMC]
^
D15/06'2023
CX
T-34.20
PPéage
LVacances:Voyage
^
D15/06'2023
CX
T-70.00
PAmazon
LLoisirs-culture:Informatique
^
D15/06'2023
CX
T-35.00
PCourses
LCourses
^
D15/06'2023
CX
T-71.99
POrdures ménagères
LLogement:Charges
^
D15/06'2023
CX
T-43.87
PAmazon
LLoisirs-culture:Informatique
^
D15/06'2023
CX
T-39.93
PCourses
LCourses
^
D16/06'2023
CX
T-45.95
PAssurance maison
LAssurance:Habitation
^
D17/06'2023
CX
T-34.99
POrange
LLogement:Téléphone
^
D17/06'2023
CX
T-94.97
POrange
LLogement:Téléphone
^
D17/06'2023
CX
T17.50
PFrais de mission
^
D17/06'2023
CX
T-800.00
PEmilye
LDivers
^
D17/06'2023
CX
T-66.12
PCourses
LCourses
^
D19/06'2023
CX
T-2.99
PCourses
LCourses
^
D19/06'2023
CX
T-24.30
PRestaurant
LAlimentation:Restaurant
^
D21/06'2023
CX
T-574.66
PBillets avion
LVacances:Voyage
^
D23/06'2023
CX
T155.08
PFrais de mission
^
D23/06'2023
CX
T182.39
PFrais de mission
^
D23/06'2023
CX
T105.00
PFrais de mission
^
D23/06'2023
CX
T-25.30
PCourses
LCourses
^
D24/06'2023
CX
T-341.00
PPension Mammy
LMammy:pension
^
D24/06'2023
CX
T341.00
PMammy
LDivers
^
D24/06'2023
CX
T-142.06
PManoMano
LLogement:Bricolage
^
D24/06'2023
CX
T-171.42
PCourses
LCourses
^
D26/06'2023
CX
T-300.00
PVirement
L[B For Bank]
^
D26/06'2023
CX
T-26.00
PRestaurant
LAlimentation:Restaurant
^
D27/06'2023
CX
T-99.01
PGazole
LAutomobile:Carburant
^
D27/06'2023
CX
T6,137.46
PSolde
LTraitements et salaires:Salaire net
^
D30/06'2023
CX
T-4.00
PWWF
LDivers
^
D01/07'2023
CX
T-150.00
PVirement
LVirmt vers un compte supprimé
^
D01/07'2023
CX
T-26.35
PCotisation mensuelle
LFrais bancaires
^
D01/07'2023
CX
T-250.00
PGuillaume
LEnfants
^
D01/07'2023
CX
T-193.49
PAGPM
^
D01/07'2023
CX
T-97.30
PCourses
LCourses
^
D01/07'2023
CX
T-74.40
PCourses
LCourses
^
D02/07'2023
CX
MAGPM
T-62.65
PAssurance prêt
LAssurance:Crédit immobilier
^
D03/07'2023
CX
T200.00
PEmilye
^
D03/07'2023
CX
T-1,189.00
PApple
LLoisirs-culture:Informatique
^
D04/07'2023
CX
T-256.90
PGAN
LAssurance:Vie
^
D04/07'2023
CX
T-65.87
PLa Redoute
LHabillement
^
D04/07'2023
CX
T-39.99
PCourses
LCourses
^
D04/07'2023
CX
T-49.90
PCastorama
LLogement:Bricolage
^
D04/07'2023
CX
T-39.99
PEurodif
LHabillement
^
D05/07'2023
CX
T-277.00
PDirect Energie
LLogement:Électricité
^
D05/07'2023
CX
T-34.90
PAmazon
LLoisirs-culture:Informatique
^
D06/07'2023
CX
T-22.99
PCanal +
LLoisirs-culture:Cinéma-spectacle
^
D06/07'2023
CX
T-466.66
PAmazon
LLoisirs-culture:Informatique
^
D06/07'2023
CX
T-46.56
PAmazon
LLoisirs-culture:Informatique
^
D07/07'2023
CX
T-1,465.15
PCrédit immobilier
LLogement:Remb. prêt immob. (capital)
^
D07/07'2023
CX
T-310.08
PCoté Verdure
LLogement:Jardin
^
D07/07'2023
CX
T-67.00
PGazole
LAutomobile:Carburant
^
D10/07'2023
CX
T-31.13
PMutuelle
LSanté:Mutuelle
^
D10/07'2023
CX
T-96.99
PCourses
LCourses
^
D13/07'2023
CX
T-48.01
PGazole
LAutomobile:Carburant
^
D14/07'2023
CX
T-32.00
PRestaurant
LAlimentation:Restaurant
^
D15/07'2023
CX
T-87.00
PImpôts fonciers
LImpôts:Fonciers
^
D15/07'2023
CX
T-200.00
PCARAC RMC
L[CARAC RMC]
^
D15/07'2023
CX
T-718.77
PBillets avion
LVacances:Voyage
^
D16/07'2023
CX
T-45.95
PAssurance maison
LAssurance:Habitation
^
D16/07'2023
CX
T-68.02
PGazole
LAutomobile:Carburant
^
D17/07'2023
CX
T-34.99
POrange
LLogement:Téléphone
^
D17/07'2023
CX
T100.00
PCadeau
LCadeaux
^
D17/07'2023
CX
T35.00
PFrais de mission
^
D17/07'2023
CX
T-64.00
PCourses
LCourses
^
D17/07'2023
CX
T-68.97
PCourses
LCourses
^
D17/07'2023
CX
T-91.60
POrange
LLogement:Téléphone
^
D19/07'2023
CX
T-48.80
PHôtel
LVacances:Logement
^
D19/07'2023
CX
T-47.00
PRestaurant
LAlimentation:Restaurant
^
D22/07'2023
CX
T-45.09
PCourses
LCourses
^
D24/07'2023
CX
T3,352.00
PImpôts sur le revenu
LImpôts:Impôt sur le revenu
^
D24/07'2023
CX
T464.66
PBillets avion
LVacances:Voyage
^
D24/07'2023
CX
T-200.00
L[B For Bank]
^
D26/07'2023
CX
T-300.00
PVirement
L[B For Bank]
^
D26/07'2023
CX
T4,969.96
PSolde
LTraitements et salaires:Salaire net
^
D27/07'2023
CX
T-80.58
PHôtel
LVacances:Logement
^
D27/07'2023
CX
T-4.64
PAssurance maison
LAssurance:Habitation
^
D31/07'2023
CX
T-4.00
PWWF
LDivers
^
D01/08'2023
CX
T-150.00
PVirement
LVirmt vers un compte supprimé
^
D01/08'2023
CX
T-26.35
PCotisation mensuelle
LFrais bancaires
^
D01/08'2023
CX
T-250.00
PGuillaume
LEnfants
^
D01/08'2023
CX
T-198.01
PAGPM
^
D01/08'2023
CX
T-6.99
PAmazon
LLoisirs-culture:Informatique
^
D02/08'2023
CX
MAGPM
T-62.65
PAssurance prêt
LAssurance:Crédit immobilier
^
D02/08'2023
CX
T-155.04
PCoté Verdure
LLogement:Jardin
^
D04/08'2023
CX
T-256.90
PGAN
LAssurance:Vie
^
D05/08'2023
CX
T-277.00
PDirect Energie
LLogement:Électricité
^
D05/08'2023
CX
T-421.20
PHôtel
LVacances:Logement
^
D05/08'2023
CX
T-41.58
PRestaurant
LAlimentation:Restaurant
^
D05/08'2023
CX
T-466.66
PAmazon
LLoisirs-culture:Informatique
^
D06/08'2023
CX
T-22.99
PCanal +
LLoisirs-culture:Cinéma-spectacle
^
D06/08'2023
CX
T-89.98
POrange
LLogement:Téléphone
^
D06/08'2023
CX
T208.74
PFrais de mission
^
D07/08'2023
CX
T-1,465.15
PCrédit immobilier
LLogement:Remb. prêt immob. (capital)
^
D08/08'2023
CX
T-341.00
PPension Mammy
LMammy:pension
^
D08/08'2023
CX
T341.00
PMammy
LDivers
^
D09/08'2023
CX
T-47.82
PCourses
LCourses
^
D10/08'2023
CX
T-31.13
PMutuelle
LSanté:Mutuelle
^
D10/08'2023
CX
T-65.00
PRenault
LAutomobile:Réparations-entretien
^
D10/08'2023
CX
T-35.90
PMagasin Vert
LLogement:Jardin
^
D12/08'2023
CX
T-76.00
PGazole
LAutomobile:Carburant
^
D12/08'2023
CX
T-89.00
PFleurs
LDivers
^
D14/08'2023
CX
T394.80
PFrais de mission
^
D15/08'2023
CX
T-87.00
PImpôts fonciers
LImpôts:Fonciers
^
D15/08'2023
CX
T-200.00
PCARAC RMC
L[CARAC RMC]
^
D15/08'2023
CX
T-58.00
PAssurance voyage
LVacances:Voyage
^
D16/08'2023
CX
T-51.00
PAssurance maison
LAssurance:Habitation
^
D16/08'2023
CX
T-341.00
PPension Mammy
LMammy:pension
^
D16/08'2023
CX
T341.00
PMammy
LDivers
^
D16/08'2023
CX
T-106.98
PAmazon
LLoisirs-culture:Informatique
^
D16/08'2023
CX
T-1,448.80
PAppareil photo
LLoisirs-culture:Informatique
^
D16/08'2023
CX
T-49.51
PCourses
LCourses
^
D16/08'2023
CX
T-64.99
PCourses
LCourses
^
D16/08'2023
CX
T-51.68
PCourses
LCourses
^
D16/08'2023
CX
T-54.19
PCourses
LCourses
^
D16/08'2023
CX
T-44.40
PCourses
LCourses
^
D18/08'2023
CX
T-46.16
PCourses
LCourses
^
D19/08'2023
CX
T-2.99
PCourses
LCourses
^
D19/08'2023
CX
T-2.99
PCourses
LCourses
^
D20/08'2023
CX
T-65.99
PAmazon
LLoisirs-culture:Informatique
^
D20/08'2023
CX
T-200.00
PEmilye
LDivers
^
D20/08'2023
CX
T-28.89
PRestaurant
LAlimentation:Restaurant
^
D22/08'2023
CX
T-60.00
PRetrait
LRetrait d'espèces
^
D24/08'2023
CX
T-44.99
PAmazon
LLoisirs-culture:Informatique
^
D24/08'2023
CX
T44.99
PCourses
LCourses
^
D25/08'2023
CX
T-375.64
PEau
LLogement:Eau
^
D25/08'2023
CX
T-120.00
PRetrait
LRetrait d'espèces
^
D25/08'2023
CX
T5,922.47
PSolde
LTraitements et salaires:Salaire net
^
D26/08'2023
CX
T-300.00
PVirement
L[B For Bank]
^
D26/08'2023
CX
T-100.00
L[B For Bank]
^
D26/08'2023
CX
T-34.75
PCourses
LCourses
^
D27/08'2023
CX
T-93.00
PGazole
LAutomobile:Carburant
^
D30/08'2023
CX
T-60.00
PRetrait
LRetrait d'espèces
^
D31/08'2023
CX
T-4.00
PWWF
LDivers
^
D01/09'2023
CX
T-150.00
PVirement
LVirmt vers un compte supprimé
^
D01/09'2023
CX
T-26.35
PCotisation mensuelle
LFrais bancaires
^
D01/09'2023
CX
T-250.00
PGuillaume
LEnfants
^
D01/09'2023
CX
T-192.11
PAGPM
^
D01/09'2023
CX
T-6.99
PAmazon
LLoisirs-culture:Informatique
^
D02/09'2023
CX
MAGPM
T-62.65
PAssurance prêt
LAssurance:Crédit immobilier
^
D02/09'2023
CX
T-47.73
PAmazon
LLoisirs-culture:Informatique
^
D05/09'2023
CX
T-277.00
PDirect Energie
LLogement:Électricité
^
D05/09'2023
CX
T-89.98
POrange
LLogement:Téléphone
^
D05/09'2023
CX
T-129.00
PBillets avion
LVacances:Voyage
^
D06/09'2023
CX
T-22.99
PCanal +
LLoisirs-culture:Cinéma-spectacle
^
D07/09'2023
CX
T-1,465.15
PCrédit immobilier
LLogement:Remb. prêt immob. (capital)
^
D07/09'2023
CX
T-1.95
PEgypte
LVacances:Egypte
^
D07/09'2023
CX
T-10.91
PEgypte
LVacances:Egypte
^
D07/09'2023
CX
T-122.45
PEgypte
LVacances:Egypte
^
D08/09'2023
CX
T-28.16
PEgypte
LVacances:Egypte
^
D08/09'2023
CX
T-7.89
PEgypte
LVacances:Egypte
^
D08/09'2023
CX
T-7.89
PEgypte
LVacances:Egypte
^
D08/09'2023
CX
T-7.89
PEgypte
LVacances:Egypte
^
D08/09'2023
CX
T-106.76
PEgypte
LVacances:Egypte
^
D10/09'2023
CX
T-31.13
PMutuelle
LSanté:Mutuelle
^
D10/09'2023
CX
T-14.32
PEgypte
LVacances:Egypte
^
D11/09'2023
CX
T-37.27
PEgypte
LVacances:Egypte
^
D13/09'2023
CX
T-106.05
PEgypte
LVacances:Egypte
^
D14/09'2023
CX
T-32.19
PEgypte
LVacances:Egypte
^
D15/09'2023
CX
T-87.00
PImpôts fonciers
LImpôts:Fonciers
^
D15/09'2023
CX
T-200.00
PCARAC RMC
L[CARAC RMC]
^
D15/09'2023
CX
T-9.15
PEgypte
LVacances:Egypte
^
D15/09'2023
CX
T-71.65
PEgypte
LVacances:Egypte
^
D16/09'2023
CX
T-53.03
PAssurance maison
LAssurance:Habitation
^
D16/09'2023
CX
T-12.66
PEgypte
LVacances:Egypte
^
D16/09'2023
CX
T-30.51
PEgypte
LVacances:Egypte
^
D17/09'2023
CX
T-34.99
POrange
LLogement:Téléphone
^
D17/09'2023
CX
T-5.71
PEgypte
LVacances:Egypte
^
D17/09'2023
CX
T-4.20
PEgypte
LVacances:Egypte
^
D17/09'2023
CX
T-0.61
PEgypte
LVacances:Egypte
^
D17/09'2023
CX
T-0.61
PEgypte
LVacances:Egypte
^
D17/09'2023
CX
T-91.54
PEgypte
LVacances:Egypte
^
D18/09'2023
CX
T-0.61
PEgypte
LVacances:Egypte
^
D18/09'2023
CX
T-1.94
PEgypte
LVacances:Egypte
^
D18/09'2023
CX
T-169.32
PEgypte
LVacances:Egypte
^
D18/09'2023
CX
T-24.10
PEgypte
LVacances:Egypte
^
D19/09'2023
CX
T-23.01
PEgypte
LVacances:Egypte
^
D19/09'2023
CX
T-4.86
PEgypte
LVacances:Egypte
^
D19/09'2023
CX
T-32.53
PEgypte
LVacances:Egypte
^
D19/09'2023
CX
T-10.97
PEgypte
LVacances:Egypte
^
D19/09'2023
CX
T-33.51
PEgypte
LVacances:Egypte
^
D20/09'2023
CX
T-100.70
PURSSAF
LLogement:Salarié à domicile
^
D20/09'2023
CX
T-2.99
PCourses
LCourses
^
D20/09'2023
CX
T575.75
PFrais de mission
^
D20/09'2023
CX
T-310.08
PCoté Verdure
LLogement:Jardin
^
D20/09'2023
CX
T-31.92
PEgypte
LVacances:Egypte
^
D20/09'2023
CX
T-0.91
PEgypte
LVacances:Egypte
^
D21/09'2023
CX
T-341.00
PPension Mammy
LMammy:pension
^
D21/09'2023
CX
T341.00
PMammy
LDivers
^
D22/09'2023
CX
T-64.00
PCourses
LCourses
^
D23/09'2023
CX
T-100.00
L[B For Bank]
^
D26/09'2023
CX
T-300.00
PVirement
L[B For Bank]
^
D26/09'2023
CX
T5,134.33
PSolde
LTraitements et salaires:Salaire net
^
D26/09'2023
CX
T-1,500.00
PEmilye
LDivers
^
D26/09'2023
CX
T-115.01
PGazole
LAutomobile:Carburant
^
D26/09'2023
CX
T-70.00
PRetrait
LRetrait d'espèces
^
D29/09'2023
CX
T-100.13
PAmazon
LLoisirs-culture:Informatique
^
D29/09'2023
CX
T-52.79
PRenault
LAutomobile:Réparations-entretien
^
D29/09'2023
CX
T-39.90
PCourses
LCourses
^
D30/09'2023
CX
T-4.00
PWWF
LDivers
^
D01/10'2023
CX
T-150.00
PVirement
LVirmt vers un compte supprimé
^
D01/10'2023
CX
T-26.35
PCotisation mensuelle
LFrais bancaires
^
D01/10'2023
CX
T-250.00
PGuillaume
LEnfants
^
D01/10'2023
CX
T-192.11
PAGPM
^
D01/10'2023
CX
T-6.99
PAmazon
LLoisirs-culture:Informatique
^
D02/10'2023
CX
MAGPM
T-62.65
PAssurance prêt
LAssurance:Crédit immobilier
^
D02/10'2023
CX
T123.98
PFrais de mission
^
D02/10'2023
CX
T-61.39
PCourses
LCourses
^
D05/10'2023
CX
T-277.00
PDirect Energie
LLogement:Électricité
^
D06/10'2023
CX
T-22.99
PCanal +
LLoisirs-culture:Cinéma-spectacle
^
D06/10'2023
CX
T-155.04
PCoté Verdure
LLogement:Jardin
^
D07/10'2023
CX
T-1,465.15
PCrédit immobilier
LLogement:Remb. prêt immob. (capital)
^
D07/10'2023
CX
T-37.33
PRestaurant
LAlimentation:Restaurant
^
D10/10'2023
CX
T-31.13
PMutuelle
LSanté:Mutuelle
^
D10/10'2023
CX
T312.55
PFrais de mission
^
D12/10'2023
CX
T-88.00
PWeldom
LLogement:Bricolage
^
D12/10'2023
CX
T-65.00
PCourses
LCourses
^
D13/10'2023
CX
T-472.50
PRenault
LAutomobile:Réparations-entretien
^
D13/10'2023
CX
T-46.16
PCourses
LCourses
^
D14/10'2023
CX
T-167.00
PCourses
LCourses
^
D15/10'2023
CX
T-87.00
PImpôts fonciers
LImpôts:Fonciers
^
D15/10'2023
CX
T-200.00
PCARAC RMC
L[CARAC RMC]
^
D16/10'2023
CX
T-53.02
PAssurance maison
LAssurance:Habitation
^
D16/10'2023
CX
T-169.82
PHôtel
LVacances:Logement
^
D16/10'2023
CX
T-103.95
PPlomberie
LConstruction maison:Plomberie
^
D16/10'2023
CX
T-32.00
PLeroy Merlin
LLogement:Bricolage
^
D16/10'2023
CX
T-120.40
POrange
LLogement:Téléphone
^
D17/10'2023
CX
T-35.00
POrange
LLogement:Téléphone
^
D19/10'2023
CX
T-28.40
PPéage
LVacances:Voyage
^
D20/10'2023
CX
T-341.00
PPension Mammy
LMammy:pension
^
D20/10'2023
CX
T-2.99
PCourses
LCourses
^
D21/10'2023
CX
T-61.00
PCourses
LCourses
^
D21/10'2023
CX
T-60.00
PRetrait
LRetrait d'espèces
^
D22/10'2023
CX
T-100.00
L[B For Bank]
^
D22/10'2023
CX
T-88.00
PAmazon
LLoisirs-culture:Informatique
^
D24/10'2023
CX
T-34.80
PCourses
LCourses
^
D24/10'2023
CX
T-150.98
PCourses
LCourses
^
D24/10'2023
CX
T-42.20
PFleurs
LDivers
^
D24/10'2023
CX
T-101.00
PGazole
LAutomobile:Carburant
^
D25/10'2023
CX
T11,595.17
PSolde
LTraitements et salaires:Salaire net
^
D25/10'2023
CX
T-41.00
PRestaurant
LAlimentation:Restaurant
^
D25/10'2023
CX
T-116.00
PCourses
LCourses
^
D25/10'2023
CX
T-50.99
PCourses
LCourses
^
D25/10'2023
CX
T-45.00
PAmende
LAutomobile:Stationnement-amendes
^
D25/10'2023
CX
T-0.50
PCourses
LCourses
^
D26/10'2023
CX
T-300.00
PVirement
L[B For Bank]
^
D26/10'2023
CX
T50,601.44
PGAN
LAutres revenus:Capital de prêt reçu
^
D26/10'2023
CX
T-100.00
L[B For Bank]
^
D26/10'2023
CX
T-200.00
PRetrait
LRetrait d'espèces
^
D29/10'2023
CX
T-38.00
PCourses
LCourses
^
D31/10'2023
CX
T-4.00
PWWF
LDivers
^
D31/10'2023
CX
T100.13
PAmazon
LLoisirs-culture:Informatique
^
D01/11'2023
CX
T-150.00
PVirement
LVirmt vers un compte supprimé
^
D01/11'2023
CX
T-26.35
PCotisation mensuelle
LFrais bancaires
^
D01/11'2023
CX
T-250.00
PGuillaume
LEnfants
^
D01/11'2023
CX
T-192.11
PAGPM
^
D01/11'2023
CX
T-6.99
PAmazon
LLoisirs-culture:Informatique
^
D02/11'2023
CX
MAGPM
T-62.65
PAssurance prêt
LAssurance:Crédit immobilier
^
D02/11'2023
CX
T-200.00
PEmilye
LDivers
^
D04/11'2023
CX
T-258.00
PGAN
LAssurance:Vie
^
D04/11'2023
CX
T-159.99
PChaussures
LHabillement
^
D04/11'2023
CX
T-39.99
PCourses
LCourses
^
D05/11'2023
CX
T-277.00
PDirect Energie
LLogement:Électricité
^
D05/11'2023
CX
T-39.50
PRestaurant
LAlimentation:Restaurant
^
D05/11'2023
CX
T-90.00
PGazole
LAutomobile:Carburant
^
D06/11'2023
CX
T-22.99
PCanal +
LLoisirs-culture:Cinéma-spectacle
^
D07/11'2023
CX
T-1,465.15
PCrédit immobilier
LLogement:Remb. prêt immob. (capital)
^
D08/11'2023
CX
T-310.08
PCoté Verdure
LLogement:Jardin
^
D09/11'2023
CX
T-45.00
PAmende
LAutomobile:Stationnement-amendes
^
D10/11'2023
CX
T-31.13
PMutuelle
LSanté:Mutuelle
^
D10/11'2023
CX
T-38.29
PBrico Dépot
LLogement:Bricolage
^
D14/11'2023
CX
T-46.99
PCourses
LCourses
^
D14/11'2023
CX
T477.05
PFrais de mission
^
D15/11'2023
CX
T-72.00
PImpôts fonciers
LImpôts:Fonciers
^
D15/11'2023
CX
T-200.00
PCARAC RMC
L[CARAC RMC]
^
D15/11'2023
CX
T-552.16
PLa Redoute
LHabillement
^
D15/11'2023
CX
T-71.52
PCourses
LCourses
^
D15/11'2023
CX
T-14.70
PPéage
LVacances:Voyage
^
D15/11'2023
CX
T-22,950.00
L[Livret A]
^
D15/11'2023
CX
T-22,950.00
PEmilye
LDivers
^
D16/11'2023
CX
T-53.02
PAssurance maison
LAssurance:Habitation
^
D17/11'2023
CX
T-216.56
PLa Redoute
LHabillement
^
D17/11'2023
CX
T-40.50
PNespresso
LCourses
^
D17/11'2023
CX
T-98.97
POrange
LLogement:Téléphone
^
D19/11'2023
CX
T-2.99
PCourses
LCourses
^
D20/11'2023
CX
T-38.60
PRestaurant
LAlimentation:Restaurant
^
D20/11'2023
CX
T-1,200.00
PCouvreur
LConstruction maison:Couverture
^
D20/11'2023
CX
T32.36
PFrais de mission
^
D21/11'2023
CX
T-38.51
PCourses
LCourses
^
D21/11'2023
CX
T-164.09
POpticien
LSanté:Oculiste
^
D21/11'2023
CX
T-38.09
PCourses
LCourses
^
D21/11'2023
CX
T-105.00
PGazole
LAutomobile:Carburant
^
D21/11'2023
CX
T-341.00
PPension Mammy
LMammy:pension
^
D21/11'2023
CX
T341.00
PMammy
LDivers
^
D22/11'2023
CX
T341.00
PMammy
LDivers
^
D22/11'2023
CX
T-39.90
PAmazon
LLoisirs-culture:Informatique
^
D22/11'2023
CX
T600.00
PAssurance maison
^
D23/11'2023
CX
T120.10
PAssurance maison
^
D24/11'2023
CX
T-101.00
PCourses
LCourses
^
D25/11'2023
CX
T-499.00
PDarty
LLogement:Électroménager
^
D26/11'2023
CX
T-400.00
PVirement
L[B For Bank]
^
D26/11'2023
CX
T-398.05
PManoMano
LLogement:Bricolage
^
D27/11'2023
CX
T5,537.74
PSolde
LTraitements et salaires:Salaire net
^
D27/11'2023
CX
T-397.40
PAmazon
LLoisirs-culture:Informatique
^
D27/11'2023
CX
T-87.01
POrdures ménagères
LLogement:Charges
^
D30/11'2023
CX
T-4.00
PWWF
LDivers
^
D30/11'2023
CX
T-5,450.00
L[LDD]
^
D30/11'2023
CX
T-168.00
PHôtel
LVacances:Logement
^
D30/11'2023
CX
T-120.00
PRetrait
LRetrait d'espèces
^
D01/12'2023
CX
T-26.35
PCotisation mensuelle
LFrais bancaires
^
D01/12'2023
CX
T-250.00
PGuillaume
LEnfants
^
D01/12'2023
CX
T-192.11
PAGPM
^
D01/12'2023
CX
T-55.95
PCourses
LCourses
^
D01/12'2023
CX
T-6.99
PAmazon
LLoisirs-culture:Informatique
^
D02/12'2023
CX
MAGPM
T-62.65
PAssurance prêt
LAssurance:Crédit immobilier
^
D02/12'2023
CX
T-49.00
PCourses
LCourses
^
D04/12'2023
CX
T-243.00
PGAN
LAssurance:Vie
^
D04/12'2023
CX
T-155.04
PCoté Verdure
LLogement:Jardin
^
D05/12'2023
CX
T-277.00
PDirect Energie
LLogement:Électricité
^
D06/12'2023
CX
T-22.99
PCanal +
LLoisirs-culture:Cinéma-spectacle
^
D07/12'2023
CX
T-1,465.15
PCrédit immobilier
LLogement:Remb. prêt immob. (capital)
^
D07/12'2023
CX
T-102.27
POrange
LLogement:Téléphone
^
D09/12'2023
CX
T-50.20
PRestaurant
LAlimentation:Restaurant
^
D10/12'2023
CX
T-31.13
PMutuelle
LSanté:Mutuelle
^
D11/12'2023
CX
T-22.66
PCourses
LCourses
^
D12/12'2023
CX
T-140.00
PCadeau
LCadeaux
^
D12/12'2023
CX
T-75.01
PGazole
LAutomobile:Carburant
^
D12/12'2023
CX
T140.00
PAmazon
LLoisirs-culture:Informatique
^
D13/12'2023
CX
T-45.00
PAmende
LAutomobile:Stationnement-amendes
^
D13/12'2023
CX
T-341.00
PMammy
^
D13/12'2023
CX
T341.00
PMammy
LDivers
^
D13/12'2023
CX
T52.79
PRenault
^
D14/12'2023
CX
T-287.05
PRenault
LAutomobile:Réparations-entretien
^
D15/12'2023
CX
T-94.00
PImpôts fonciers
LImpôts:Fonciers
^
D15/12'2023
CX
T-200.00
PCARAC RMC
L[CARAC RMC]
^
D15/12'2023
CX
T542.85
PFrais de mission
^
D15/12'2023
CX
T5,989.57
PSolde
LTraitements et salaires:Salaire net
^
D15/12'2023
CX
T-59.43
PCourses
LCourses
^
D15/12'2023
CX
T-41.49
PMagasin Vert
LLogement:Jardin
^
D16/12'2023
CX
T-53.02
PAssurance maison
LAssurance:Habitation
^
D18/12'2023
CX
T-250.00
PCadeau
LCadeaux
^
D18/12'2023
CX
T-88.64
PDentiste
LSanté:Dentiste
^
D18/12'2023
CX
T-132.00
PLeroy Merlin
LLogement:Bricolage
^
D19/12'2023
CX
T-2.99
PCourses
LCourses
^
D20/12'2023
CX
T-59.51
PCourses
LCourses
^
D21/12'2023
CX
T-63.59
PCastorama
LLogement:Bricolage
^
D21/12'2023
CX
T-45.37
PCourses
LCourses
^
D21/12'2023
CX
T-42.65
PVétérinaire
LAnimaux domestiques:Vétérinaire
^
D22/12'2023
CX
T-40.07
PCourses
LCourses
^
D23/12'2023
CX
T350.00
PAssurance maison
^
D24/12'2023
CX
T-105.27
PCourses
LCourses
^
D26/12'2023
CX
T-400.00
PVirement
L[B For Bank]
^
D26/12'2023
CX
T-92.39
PRenault
LAutomobile:Réparations-entretien
^
D26/12'2023
CX
T-47.01
PGazole
LAutomobile:Carburant
^
D27/12'2023
CX
T33.80
PRemboursement sécurité sociale
LSanté:Mutuelle
^
D27/12'2023
CX
T-90.03
PGazole
LAutomobile:Carburant
^
D28/12'2023
CX
T-43.40
PCourses
LCourses
^
D28/12'2023
CX
T-467.00
PHôtel
LVacances:Logement
^
D29/12'2023
CX
T-140.62
PCourses
LCourses
^
D31/12'2023
CX
T-4.00
PWWF
LDivers
^
D01/01'2024
CX
T-27.60
PCotisation mensuelle
LFrais bancaires
^
D01/01'2024
CX
T-250.00
PGuillaume
LEnfants
^
D01/01'2024
CX
T-192.11
PAGPM
^
D01/01'2024
CX
T-6.99
PAmazon
LLoisirs-culture:Informatique
^
D02/01'2024
CX
MAGPM
T-62.65
PAssurance prêt
LAssurance:Crédit immobilier
^
D04/01'2024
CX
T-341.00
PMammy
^
D04/01'2024
CX
T341.00
PMammy
LDivers
^
D04/01'2024
CX
T-50.00
PSoleau
LLoisirs-culture:Informatique
^
D04/01'2024
CX
T-62.00
PGazole
LAutomobile:Carburant
^
D05/01'2024
CX
T-277.00
PDirect Energie
LLogement:Électricité
^
D05/01'2024
CX
T-243.00
PGAN
LAssurance:Vie
^
D06/01'2024
CX
T-22.99
PCanal +
LLoisirs-culture:Cinéma-spectacle
^
D07/01'2024
CX
T-1,465.15
PCrédit immobilier
LLogement:Remb. prêt immob. (capital)
^
D08/01'2024
CX
T-58.01
PGazole
LAutomobile:Carburant
^
D08/01'2024
CX
T-42.65
PCourses
LCourses
^
D10/01'2024
CX
T-37.25
PMutuelle
LSanté:Mutuelle
^
D10/01'2024
CX
T-80.00
PRetrait
LRetrait d'espèces
^
D11/01'2024
CX
T-45.00
PBillets avion
LVacances:Voyage
^
D13/01'2024
CX
T-126.69
PManoMano
LLogement:Bricolage
^
D13/01'2024
CX
T-139.00
PAmazon
LLoisirs-culture:Informatique
^
D15/01'2024
CX
T-200.00
PCARAC RMC
L[CARAC RMC]
^
D15/01'2024
CX
T1,516.00
PImpôts
LImpôts:Impôt sur le revenu
^
D15/01'2024
CX
T-101.97
POrange
LLogement:Téléphone
^
D16/01'2024
CX
T-53.02
PAssurance maison
LAssurance:Habitation
^
D16/01'2024
CX
T509.95
PFrais de mission
^
D19/01'2024
CX
T-2.99
PCourses
LCourses
^
D19/01'2024
CX
T-54.01
PGazole
LAutomobile:Carburant
^
D21/01'2024
CX
T-23.50
PAmazon
LLoisirs-culture:Informatique
^
D25/01'2024
CX
T5,332.31
PSolde
LTraitements et salaires:Salaire net
^
D25/01'2024
CX
T-341.00
PPension Mammy
LMammy:pension
^
D25/01'2024
CX
T341.00
PMammy
LDivers
^
D25/01'2024
CX
T-174.43
PCourses
LCourses
^
D26/01'2024
CX
T-400.00
PVirement
L[B For Bank]
^
D27/01'2024
CX
T-172.15
PArmor Génie
LLogement:Chauffage
^
D27/01'2024
CX
T-307.30
PPneus
LAutomobile:Réparations-entretien
^
D29/01'2024
CX
T-51.25
PCourses
LCourses
^
D30/01'2024
CX
T-70.00
PFleurs
LDivers
^
D30/01'2024
CX
T-33.50
PWeldom
LLogement:Bricolage
^
D31/01'2024
CX
T-4.00
PWWF
LDivers
^
D01/02'2024
CX
T-27.60
PCotisation mensuelle
LFrais bancaires
^
D01/02'2024
CX
T-250.00
PGuillaume
LEnfants
^
D01/02'2024
CX
T-192.11
PAGPM
^
D02/02'2024
CX
MAGPM
T-62.65
PAssurance prêt
LAssurance:Crédit immobilier
^
D02/02'2024
CX
T-64.01
PGazole
LAutomobile:Carburant
^
D02/02'2024
CX
T-42.65
PCourses
LCourses
^
D04/02'2024
CX
T-243.00
PGAN
LAssurance:Vie
^
D05/02'2024
CX
T-277.00
PDirect Energie
LLogement:Électricité
^
D05/02'2024
CX
T-120.00
PRetrait
LRetrait d'espèces
^
D06/02'2024
CX
T-22.99
PCanal +
LLoisirs-culture:Cinéma-spectacle
^
D06/02'2024
CX
T526.40
PFrais de mission
^
D07/02'2024
CX
T-1,465.15
PCrédit immobilier
LLogement:Remb. prêt immob. (capital)
^
D10/02'2024
CX
T-37.25
PMutuelle
LSanté:Mutuelle
^
D10/02'2024
CX
T-46.10
PFleurs
LDivers
^
D14/02'2024
CX
T-36.80
PAmazon
LLoisirs-culture:Informatique
^
D15/02'2024
CX
T-94.00
PImpôts fonciers
LImpôts:Fonciers
^
D15/02'2024
CX
T-200.00
PCARAC RMC
L[CARAC RMC]
^
D15/02'2024
CX
T13.55
PRemboursement sécurité sociale
LSanté:Mutuelle
^
D16/02'2024
CX
T-53.02
PAssurance maison
LAssurance:Habitation
^
D17/02'2024
CX
T-194.00
PCourses
LCourses
^
D19/02'2024
CX
T-101.97
POrange
LLogement:Téléphone
^
D19/02'2024
CX
T-58.00
PGazole
LAutomobile:Carburant
^
D19/02'2024
CX
T-60.00
PRetrait
LRetrait d'espèces
^
D20/02'2024
CX
T-2.99
PCourses
LCourses
^
D21/02'2024
CX
T-341.00
PPension Mammy
LMammy:pension
^
D21/02'2024
CX
T341.00
PMammy
LDivers
^
D22/02'2024
CX
T410.81
PRemboursement mutuelle
LSanté:Mutuelle
^
D23/02'2024
CX
T-47.86
PCourses
LCourses
^
D24/02'2024
CX
T-100.00
L[B For Bank]
^
D26/02'2024
CX
T-400.00
PVirement
L[B For Bank]
^
D26/02'2024
CX
T6,373.89
PSolde
LTraitements et salaires:Salaire net
^
D26/02'2024
CX
T-2.99
PCanal +
LLoisirs-culture:Cinéma-spectacle
^
D27/02'2024
CX
T-246.00
PCourses
LCourses
^
D29/02'2024
CX
T-4.00
PWWF
LDivers
^
D29/02'2024
CX
T37.25
PRemboursement mutuelle
LSanté:Mutuelle
^
D29/02'2024
CX
T-97.88
PGazole
LAutomobile:Carburant
^
D01/03'2024
CX
T-27.60
PCotisation mensuelle
LFrais bancaires
^
D01/03'2024
CX
T-196.83
PAGPM
^
D01/03'2024
CX
T20.00
PAGPM
LAssurance:Automobile
^
D01/03'2024
CX
T-47.16
PCourses
LCourses
^
D02/03'2024
CX
MAGPM
T-62.65
PAssurance prêt
LAssurance:Crédit immobilier
^
D02/03'2024
CX
T-98.00
PCourses
LCourses
^
D02/03'2024
CX
T-111.04
PCourses
LCourses
^
D04/03'2024
CX
T-243.00
PGAN
LAssurance:Vie
^
D05/03'2024
CX
T-277.00
PDirect Energie
LLogement:Électricité
^
D05/03'2024
CX
T-101.97
POrange
LLogement:Téléphone
^
D05/03'2024
CX
T-97.63
PCourses
LCourses
^
D06/03'2024
CX
T-22.99
PCanal +
LLoisirs-culture:Cinéma-spectacle
^
D07/03'2024
CX
T-1,465.15
PCrédit immobilier
LLogement:Remb. prêt immob. (capital)
^
D08/03'2024
CX
T-249.68
PEau
LLogement:Eau
^
D08/03'2024
CX
T-84.70
PPlomberie
LConstruction maison:Plomberie
^
D11/03'2024
CX
T477.05
PFrais de mission
^
D14/03'2024
CX
T-105.91
PManoMano
LLogement:Bricolage
^
D15/03'2024
CX
T-94.00
PImpôts fonciers
LImpôts:Fonciers
^
D15/03'2024
CX
T-200.00
PCARAC RMC
L[CARAC RMC]
^
D15/03'2024
CX
T-85.00
PSNCF
LTransports
^
D15/03'2024
CX
T-44.50
PSNCF
LTransports
^
D15/03'2024
CX
T-28.50
PSNCF
LTransports
^
D15/03'2024
CX
T-85.00
PSNCF
LTransports
^
D15/03'2024
CX
T-122.00
PCourses
LCourses
^
D16/03'2024
CX
T-53.02
PAssurance maison
LAssurance:Habitation
^
D17/03'2024
CX
T-85.95
PAmazon
LLoisirs-culture:Informatique
^
D18/03'2024
CX
T-341.00
PPension Mammy
LMammy:pension
^
D18/03'2024
CX
T341.00
PMammy
LDivers
^
D18/03'2024
CX
T-2.99
PCourses
LCourses
^
D19/03'2024
CX
T-129.95
PCadeau
LCadeaux
^
D19/03'2024
CX
T-64.99
PEurodif
LHabillement
^
D19/03'2024
CX
T-154.00
PCourses
LCourses
^
D19/03'2024
CX
T-284.00
PLeroy Merlin
LLogement:Bricolage
^
D21/03'2024
CX
T-25.50
PSNCF
LTransports
^
D21/03'2024
CX
T28.50
PSNCF
LTransports
^
D21/03'2024
CX
T-164.59
PVétérinaire
LAnimaux domestiques:Vétérinaire
^
D21/03'2024
CX
T-45.20
PPharmacie
LSanté:Pharmacie
^
D21/03'2024
CX
T-36.01
PWeldom
LLogement:Bricolage
^
D22/03'2024
CX
T-76.50
PSNCF
LTransports
^
D22/03'2024
CX
T-84.00
PCourses
LCourses
^
D23/03'2024
CX
T85.00
PSNCF
LTransports
^
D23/03'2024
CX
T-19.25
PCourses
LCourses
^
D24/03'2024
CX
T-49.03
PCourses
LCourses
^
D25/03'2024
CX
T70.00
PSNCF
LTransports
^
D26/03'2024
CX
T-400.00
PVirement
L[B For Bank]
^
D26/03'2024
CX
T-40.95
PHôtel
LVacances:Logement
^
D26/03'2024
CX
T-28.10
PRestaurant
LAlimentation:Restaurant
^
D28/03'2024
CX
T-299.40
PJardiland
LLogement:Jardin
^
D28/03'2024
CX
T-102.02
PGazole
LAutomobile:Carburant
^
D28/03'2024
CX
T-99.95
PCourses
LCourses
^
D29/03'2024
CX
T5,437.99
PSolde
LTraitements et salaires:Salaire net
^
D29/03'2024
CX
T-73.00
PSNCF
LTransports
^
D29/03'2024
CX
T-115.00
PBillets avion
LVacances:Voyage
^
D30/03'2024
CX
T-32.96
PCourses
LCourses
^
D31/03'2024
CX
T-4.00
PWWF
LDivers
^
D31/03'2024
CX
T-59.99
PAmazon
LLoisirs-culture:Informatique
^
D31/03'2024
CX
T-18.00
PSNCF
LTransports
^
D31/03'2024
CX
T-37.00
PSNCF
LTransports
^
D31/03'2024
CX
T-44.50
PSNCF
LTransports
^
D31/03'2024
CX
T73.00
PSNCF
LTransports
^
D01/04'2024
CX
T-27.60
PCotisation mensuelle
LFrais bancaires
^
D01/04'2024
CX
T-196.83
PAGPM
^
D02/04'2024
CX
MAGPM
T-62.65
PAssurance prêt
LAssurance:Crédit immobilier
^
D04/04'2024
CX
T-243.00
PGAN
LAssurance:Vie
^
D04/04'2024
CX
T240.00
PDirect Energie
LLogement:Électricité
^
D04/04'2024
CX
T19.20
PSNCF
LTransports
^
D04/04'2024
CX
T-51.96
PAmazon
LLoisirs-culture:Informatique
^
D04/04'2024
CX
T-344.00
PCadeau
LCadeaux
^
D04/04'2024
CX
T-27.63
PCourses
LCourses
^
D04/04'2024
CX
T-30.00
PLeroy Merlin
LLogement:Bricolage
^
D05/04'2024
CX
T-277.00
PDirect Energie
LLogement:Électricité
^
D05/04'2024
CX
T-70.18
PAmazon
LLoisirs-culture:Informatique
^
D05/04'2024
CX
T-119.89
PCourses
LCourses
^
D06/04'2024
CX
T-22.99
PCanal +
LLoisirs-culture:Cinéma-spectacle
^
D07/04'2024
CX
T-1,465.15
PCrédit immobilier
LLogement:Remb. prêt immob. (capital)
^
D07/04'2024
CX
T-83.43
PAmazon
LLoisirs-culture:Informatique
^
D08/04'2024
CX
T-335.26
PRenault
LAutomobile:Réparations-entretien
^
D08/04'2024
CX
T-97.80
PMagasin Vert
LLogement:Jardin
^
D09/04'2024
CX
T-2.90
PCourses
LCourses
^
D10/04'2024
CX
T-27.00
PCourses
LCourses
^
D11/04'2024
CX
T-500.00
P3008
LAutomobile:Achat
^
D12/04'2024
CX
T-91.58
PCourses
LCourses
^
D15/04'2024
CX
T-94.00
PImpôts fonciers
LImpôts:Fonciers
^
D15/04'2024
CX
T-200.00
PCARAC RMC
L[CARAC RMC]
^
D15/04'2024
CX
T-101.97
POrange
LLogement:Téléphone
^
D16/04'2024
CX
T-53.02
PAssurance maison
LAssurance:Habitation
^
D16/04'2024
CX
T-144.95
PBillets avion
LVacances:Voyage
^
D16/04'2024
CX
T-164.00
PBillets avion
LVacances:Voyage
^
D16/04'2024
CX
T-114.80
PLeroy Merlin
LLogement:Bricolage
^
D16/04'2024
CX
T-128.15
PJardiland
LLogement:Jardin
^
D16/04'2024
CX
T-41.00
PRestaurant
LAlimentation:Restaurant
^
D17/04'2024
CX
T-86.00
PControle technique
LAutomobile:Réparations-entretien
^
D17/04'2024
CX
T-70.70
PHôtel
LVacances:Logement
^
D18/04'2024
CX
T-341.00
PPension Mammy
LMammy:pension
^
D18/04'2024
CX
T-94.01
PGazole
LAutomobile:Carburant
^
D18/04'2024
CX
T-200.00
PRetrait
LRetrait d'espèces
^
D18/04'2024
CX
T-50.36
PCourses
LCourses
^
D19/04'2024
CX
T-95.12
PWeldom
LLogement:Bricolage
^
D20/04'2024
CX
T-2.99
PCourses
LCourses
^
D22/04'2024
CX
T-30.39
PAmazon
LLoisirs-culture:Informatique
^
D23/04'2024
CX
T-56.55
PCourses
LCourses
^
D23/04'2024
CX
T-227.85
PMagasin Vert
LLogement:Jardin
^
D24/04'2024
CX
T-37.00
PSNCF
LTransports
^
D24/04'2024
CX
T-18.00
PSNCF
LTransports
^
D24/04'2024
CX
T-45.49
PCourses
LCourses
^
D25/04'2024
CX
T5,811.09
PSolde
LTraitements et salaires:Salaire net
^
D25/04'2024
CX
T-500.00
PEmilye
LDivers
^
D25/04'2024
CX
T-100.00
L[B For Bank]
^
D26/04'2024
CX
T-400.00
PVirement
L[B For Bank]
^
D26/04'2024
CX
T-242.69
PRenault
LAutomobile:Réparations-entretien
^
D27/04'2024
CX
T-20.99
PAmazon
LLoisirs-culture:Informatique
^
D30/04'2024
CX
T-4.00
PWWF
LDivers
^
D30/04'2024
CX
T-44.00
PCourses
LCourses
^
D01/05'2024
CX
T-27.60
PCotisation mensuelle
LFrais bancaires
^
D01/05'2024
CX
T-243.15
PAGPM
^
D01/05'2024
CX
T-26.40
PRestaurant
LAlimentation:Restaurant
^
D02/05'2024
CX
MAGPM
T-62.65
PAssurance prêt
LAssurance:Crédit immobilier
^
D02/05'2024
CX
T-24.00
PRestaurant
LAlimentation:Restaurant
^
D02/05'2024
CX
T-23.00
PSNCF
LTransports
^
D02/05'2024
CX
T-23.00
PSNCF
LTransports
^
D02/05'2024
CX
T-23.00
PSNCF
LTransports
^
D03/05'2024
CX
T-62.01
PAmazon
LLoisirs-culture:Informatique
^
D03/05'2024
CX
T-94.01
PGazole
LAutomobile:Carburant
^
D03/05'2024
CX
T360.00
PAssurance maison
^
D03/05'2024
CX
T155.89
PAssurance maison
^
D04/05'2024
CX
T-243.00
PGAN
LAssurance:Vie
^
D04/05'2024
CX
T-36.69
PCourses
LCourses
^
D04/05'2024
CX
T-43.90
PFleurs
LDivers
^
D04/05'2024
CX
T-36.79
PCourses
LCourses
^
D05/05'2024
CX
T-277.00
PDirect Energie
LLogement:Électricité
^
D05/05'2024
CX
T-53.99
PAmazon
LLoisirs-culture:Informatique
^
D06/05'2024
CX
T-22.99
PCanal +
LLoisirs-culture:Cinéma-spectacle
^
D07/05'2024
CX
T-1,465.15
PCrédit immobilier
LLogement:Remb. prêt immob. (capital)
^
D07/05'2024
CX
T-101.97
POrange
LLogement:Téléphone
^
D07/05'2024
CX
T-43.25
PJardiland
LLogement:Jardin
^
D07/05'2024
CX
T-25.96
PIkea
LLogement:Ameublement
^
D07/05'2024
CX
T-92.00
PLeroy Merlin
LLogement:Bricolage
^
D10/05'2024
CX
T-76.34
PCourses
LCourses
^
D11/05'2024
CX
T-26.99
PAmazon
LLoisirs-culture:Informatique
^
D11/05'2024
CX
T-88.38
PCourses
LCourses
^
D12/05'2024
CX
T-39.06
PBillets avion
LVacances:Voyage
^
D12/05'2024
CX
T-51.60
PRestaurant
LAlimentation:Restaurant
^
D15/05'2024
CX
T-94.00
PImpôts fonciers
LImpôts:Fonciers
^
D15/05'2024
CX
T-200.00
PCARAC RMC
L[CARAC RMC]
^
D15/05'2024
CX
T-23.00
PSNCF
LTransports
^
D15/05'2024
CX
T-37.00
PSNCF
LTransports
^
D15/05'2024
CX
T-18.00
PSNCF
LTransports
^
D15/05'2024
CX
T-33.00
PGazole
LAutomobile:Carburant
^
D16/05'2024
CX
T-53.02
PAssurance maison
LAssurance:Habitation
^
D16/05'2024
CX
T667.00
PEgypte
LVacances:Egypte
^
D16/05'2024
CX
T-11.60
PPéage
LVacances:Voyage
^
D16/05'2024
CX
T30,000.00
PCrédit auto
LVersement crédit
^
D16/05'2024
CX
T6,500.00
PLaguna
LAutomobile:Vente
^
D16/05'2024
CX
T-38,970.00
P3008
LAutomobile:Achat
^
D16/05'2024
CX
T-468.00
PCoté Verdure
LLogement:Jardin
^
D17/05'2024
CX
T-149.98
PCourses
LCourses
^
D18/05'2024
CX
T-55.90
PAmazon
LLoisirs-culture:Informatique
^
D18/05'2024
CX
T-26.99
PAmazon
LLoisirs-culture:Informatique
^
D18/05'2024
CX
T-63.08
PLocation voiture
LVacances:Visites
^
D18/05'2024
CX
T-33.98
PAmazon
LLoisirs-culture:Informatique
^
D19/05'2024
CX
T-2.99
PCourses
LCourses
^
D21/05'2024
CX
T-37.50
PRestaurant
LAlimentation:Restaurant
^
D22/05'2024
CX
T-69.00
PSNCF
LTransports
^
D23/05'2024
CX
T-406.20
PHôtel
LVacances:Logement
^
D24/05'2024
CX
T-574.76
PCarte grise
LAutomobile:Vignette
^
D24/05'2024
CX
T-65.06
PEssence
LAutomobile:Carburant
^
D24/05'2024
CX
T-65.03
PEssence
LAutomobile:Carburant
^
D24/05'2024
CX
T-57.02
PEssence
LAutomobile:Carburant
^
D25/05'2024
CX
T55.01
PAmazon
LLoisirs-culture:Informatique
^
D25/05'2024
CX
T-341.00
PPension Mammy
LMammy:pension
^
D25/05'2024
CX
T341.00
PMammy
LDivers
^
D25/05'2024
CX
T-71.70
PManoMano
LLogement:Bricolage
^
D25/05'2024
CX
T-180.90
PLeroy Merlin
LLogement:Bricolage
^
D25/05'2024
CX
T-59.98
PManoMano
LLogement:Bricolage
^
D25/05'2024
CX
T-76.20
PFleurs
LDivers
^
D25/05'2024
CX
T-29.50
PWeldom
LLogement:Bricolage
^
D25/05'2024
CX
T138.00
PSNCF
LTransports
^
D26/05'2024
CX
T-400.00
PVirement
L[B For Bank]
^
D26/05'2024
CX
T-19.95
PAmazon
LLoisirs-culture:Informatique
^
D27/05'2024
CX
T-51.51
PAmazon
LLoisirs-culture:Informatique
^
D27/05'2024
CX
T11,930.00
L[LDD]
^
D27/05'2024
CX
T5,435.10
PSolde
LTraitements et salaires:Salaire net
^
D27/05'2024
CX
T18.00
PSNCF
LTransports
^
D28/05'2024
CX
T-20,850.00
PClio
LAutomobile:Achat
^
D28/05'2024
CX
T-50.99
PAmazon
LLoisirs-culture:Informatique
^
D28/05'2024
CX
T-63.37
PCourses
LCourses
^
D29/05'2024
CX
T-47.10
PLeroy Merlin
LLogement:Bricolage
^
D30/05'2024
CX
T45.00
PAmazon
LLoisirs-culture:Informatique
^
D30/05'2024
CX
T-92.30
PCourses
LCourses
^
D31/05'2024
CX
T-4.00
PWWF
LDivers
^
D31/05'2024
CX
T-29.30
PLeroy Merlin
LLogement:Bricolage
^
D31/05'2024
CX
T-41.05
PEssence
LAutomobile:Carburant
^
D31/05'2024
CX
T-28.80
PCourses
LCourses
^
D01/06'2024
CX
T-27.60
PCotisation mensuelle
LFrais bancaires
^
D01/06'2024
CX
T-236.09
PAGPM
^
D01/06'2024
CX
T-49.00
PEssence
LAutomobile:Carburant
^
D02/06'2024
CX
MAGPM
T-62.65
PAssurance prêt
LAssurance:Crédit immobilier
^
D04/06'2024
CX
T-243.00
PGAN
LAssurance:Vie
^
D04/06'2024
CX
T1.06
PCourses
LCourses
^
D04/06'2024
CX
T-1.00
PCourses
LCourses
^
D05/06'2024
CX
T-343.00
PDirect Energie
LLogement:Électricité
^
D05/06'2024
CX
T-35.01
PGazole
LAutomobile:Carburant
^
D06/06'2024
CX
T-22.99
PCanal +
LLoisirs-culture:Cinéma-spectacle
^
D06/06'2024
CX
T150.00
PFrais de mission
^
D06/06'2024
CX
T-304.00
PCoté Verdure
LLogement:Jardin
^
D06/06'2024
CX
T5,200.00
PClio
LAutomobile
^
D07/06'2024
CX
T-1,465.15
PCrédit immobilier
LLogement:Remb. prêt immob. (capital)
^
D07/06'2024
CX
T-57.00
PFleurs
LDivers
^
D08/06'2024
CX
T-34.17
PCourses
LCourses
^
D13/06'2024
CX
T-996.10
PVacances
LVacances:Logement
^
D14/06'2024
CX
T-43.50
PRestaurant
LAlimentation:Restaurant
^
D15/06'2024
CX
T-94.00
PImpôts fonciers
LImpôts:Fonciers
^
D15/06'2024
CX
T-200.00
PCARAC RMC
L[CARAC RMC]
^
D15/06'2024
CX
T-19.98
PAmazon
LLoisirs-culture:Informatique
^
D16/06'2024
CX
T-53.02
PAssurance maison
LAssurance:Habitation
^
D17/06'2024
CX
T-90.21
POrange
LLogement:Téléphone
^
D17/06'2024
CX
T-49.60
PPéage
LVacances:Voyage
^
D18/06'2024
CX
T-60.50
PRestaurant
LAlimentation:Restaurant
^
D19/06'2024
CX
T-2.99
PCourses
LCourses
^
D20/06'2024
CX
T341.00
PMammy
LDivers
^
D20/06'2024
CX
T-86.50
PNespresso
LCourses
^
D21/06'2024
CX
T177.20
PFrais de mission
^
D21/06'2024
CX
T-85.88
PCourses
LCourses
^
D22/06'2024
CX
T341.00
PMammy
LDivers
^
D22/06'2024
CX
T-39.25
PAmazon
LLoisirs-culture:Informatique
^
D22/06'2024
CX
T-37.10
PWeldom
LLogement:Bricolage
^
D22/06'2024
CX
T-231.20
PPompes funèbres
^
D24/06'2024
CX
T-369.98
PNorauto
LAutomobile:Réparations-entretien
^
D24/06'2024
CX
T-29.90
PCastorama
LLogement:Bricolage
^
D25/06'2024
CX
T5,427.56
PSolde
LTraitements et salaires:Salaire net
^
D25/06'2024
CX
T-100.00
L[B For Bank]
^
D25/06'2024
CX
T-341.00
PMammy
^
D25/06'2024
CX
T-60.00
PEssence
LAutomobile:Carburant
^
D26/06'2024
CX
T-400.00
PVirement
L[B For Bank]
^
D26/06'2024
CX
T-214.90
PCDiscount
LLoisirs-culture:Informatique
^
D26/06'2024
CX
T-36.82
PAmazon
LLoisirs-culture:Informatique
^
D26/06'2024
CX
T-200.00
PEmilye
LDivers
^
D27/06'2024
CX
T20.00
PFrais de mission
^
D29/06'2024
CX
T-43.70
PAmazon
LLoisirs-culture:Informatique
^
D29/06'2024
CX
T-34.84
PCourses
LCourses
^
D29/06'2024
CX
T-33.15
PWeldom
LLogement:Bricolage
^
D30/06'2024
CX
T-4.00
PWWF
LDivers
^
D01/07'2024
CX
T-27.60
PCotisation mensuelle
LFrais bancaires
^
D01/07'2024
CX
T-213.87
PAGPM
^
D01/07'2024
CX
T-38.50
PRestaurant
LAlimentation:Restaurant
^
D01/07'2024
CX
T-37.80
PLeroy Merlin
LLogement:Bricolage
^
D02/07'2024
CX
MAGPM
T-62.65
PAssurance prêt
LAssurance:Crédit immobilier
^
D03/07'2024
CX
T-781.10
PCrédit auto
LAutomobile:Crédit
^
D04/07'2024
CX
T-243.00
PGAN
LAssurance:Vie
^
D05/07'2024
CX
T-283.48
PDirect Energie
LLogement:Électricité
^
D05/07'2024
CX
T6,000.00
PCrédit auto
LVersement crédit
^
D05/07'2024
CX
T-200.00
L[B For Bank]
^
D06/07'2024
CX
T-22.99
PCanal +
LLoisirs-culture:Cinéma-spectacle
^
D07/07'2024
CX
T-1,465.15
PCrédit immobilier
LLogement:Remb. prêt immob. (capital)
^
D08/07'2024
CX
T-60.44
PCourses
LCourses
^
D08/07'2024
CX
T-133.60
PMagasin Vert
LLogement:Jardin
^
D08/07'2024
CX
T-24.49
PWeldom
LLogement:Bricolage
^
D08/07'2024
CX
T-160.00
PRetrait
LRetrait d'espèces
^
D09/07'2024
CX
T-40.50
PSNCF
LTransports
^
D09/07'2024
CX
T-40.50
PSNCF
LTransports
^
D09/07'2024
CX
T-304.00
PCoté Verdure
LLogement:Jardin
^
D10/07'2024
CX
T-47.00
PEssence
LAutomobile:Carburant
^
D11/07'2024
CX
T-56.03
PEssence
LAutomobile:Carburant
^
D11/07'2024
CX
T-35.07
PCourses
LCourses
^
D11/07'2024
CX
T-54.01
PEssence
LAutomobile:Carburant
^
D15/07'2024
CX
T-89.98
POrange
LLogement:Téléphone
^
D15/07'2024
CX
T-94.00
PImpôts fonciers
LImpôts:Fonciers
^
D15/07'2024
CX
T-200.00
PCARAC RMC
L[CARAC RMC]
^
D15/07'2024
CX
T-106.37
PCourses
LCourses
^
D15/07'2024
CX
T-61.04
PEssence
LAutomobile:Carburant
^
D16/07'2024
CX
T-53.02
PAssurance maison
LAssurance:Habitation
^
D16/07'2024
CX
T-83.00
PRestaurant
LAlimentation:Restaurant
^
D18/07'2024
CX
T-63.50
PRestaurant
LAlimentation:Restaurant
^
D18/07'2024
CX
T-2.99
PCourses
LCourses
^
D20/07'2024
CX
T-35.03
PEssence
LAutomobile:Carburant
^
D20/07'2024
CX
T63.08
PClio
LAutomobile
^
D21/07'2024
CX
T-54.00
PEssence
LAutomobile:Carburant
^
D22/07'2024
CX
T-58.04
PEssence
LAutomobile:Carburant
^
D22/07'2024
CX
T-45.03
PCourses
LCourses
^
D23/07'2024
CX
T-38.08
PLeroy Merlin
LLogement:Bricolage
^
D23/07'2024
CX
T-179.00
PLeroy Merlin
LLogement:Bricolage
^
D24/07'2024
CX
T467.00
PImpôts
LImpôts:Impôt sur le revenu
^
D24/07'2024
CX
T-11.53
PAmazon
LLoisirs-culture:Informatique
^
D24/07'2024
CX
T4,195.05
PSolde
LTraitements et salaires:Salaire net
^
D25/07'2024
CX
T-76.39
PCourses
LCourses
^
D26/07'2024
CX
T-400.00
PVirement
L[B For Bank]
^
D26/07'2024
CX
T-192.05
PAmazon
LLoisirs-culture:Informatique
^
D26/07'2024
CX
T-48.00
PLeroy Merlin
LLogement:Bricolage
^
D26/07'2024
CX
T-30.80
PRestaurant
LAlimentation:Restaurant
^
D26/07'2024
CX
T-56.30
PCourses
LCourses
^
D27/07'2024
CX
T341.00
PMammy
LDivers
^
D27/07'2024
CX
T-341.00
PMammy
^
D28/07'2024
CX
T-100.00
L[B For Bank]
^
D29/07'2024
CX
T-42.90
PMagasin Vert
LLogement:Jardin
^
D30/07'2024
CX
T-35.45
PJardiland
LLogement:Jardin
^
D30/07'2024
CX
T-35.00
PRestaurant
LAlimentation:Restaurant
^
D30/07'2024
CX
T-79.80
N825
PRestaurant
LAlimentation:Restaurant
^
D31/07'2024
CX
T-4.00
PWWF
LDivers
^
D01/08'2024
CX
T-27.60
PCotisation mensuelle
LFrais bancaires
^
D01/08'2024
CX
T-220.46
PAGPM
^
D01/08'2024
CX
T-480.00
POpenClassRooms
LLoisirs-culture:Informatique
^
D02/08'2024
CX
MAGPM
T-62.65
PAssurance prêt
LAssurance:Crédit immobilier
^
D02/08'2024
CX
T-62.31
PCourses
LCourses
^
D02/08'2024
CX
T-32.84
PWeldom
LLogement:Bricolage
^
D03/08'2024
CX
T-710.24
PCrédit auto
LAutomobile:Crédit
^
D04/08'2024
CX
T-243.00
PGAN
LAssurance:Vie
^
D04/08'2024
CX
T-228.00
PCoté Verdure
LLogement:Jardin
^
D05/08'2024
CX
T-343.00
PDirect Energie
LLogement:Électricité
^
D06/08'2024
CX
T-22.99
PCanal +
LLoisirs-culture:Cinéma-spectacle
^
D06/08'2024
CX
T-117.18
PAmazon
LLoisirs-culture:Informatique
^
D07/08'2024
CX
T-1,465.15
PCrédit immobilier
LLogement:Remb. prêt immob. (capital)
^
D08/08'2024
CX
T-60.00
PRetrait
LRetrait d'espèces
^
D09/08'2024
CX
T-31.00
PCourses
LCourses
^
D10/08'2024
CX
T629.59
PImpôts
LImpôts:Impôt sur le revenu
^
D10/08'2024
CX
T-131.90
PRestaurant
LAlimentation:Restaurant
^
D12/08'2024
CX
T-49.02
PEssence
LAutomobile:Carburant
^
D14/08'2024
CX
T-10.00
PRetrait
LRetrait d'espèces
^
D14/08'2024
CX
T-91.00
PCourses
LCourses
^
D15/08'2024
CX
T-94.00
PImpôts fonciers
LImpôts:Fonciers
^
D15/08'2024
CX
T-200.00
PCARAC RMC
L[CARAC RMC]
^
D15/08'2024
CX
T-170.00
PAmazon
LLoisirs-culture:Informatique
^
D16/08'2024
CX
T-53.02
PAssurance maison
LAssurance:Habitation
^
D16/08'2024
CX
T-99.80
PCourses
LCourses
^
D16/08'2024
CX
T-305.98
PCybertek
LLoisirs-culture:Informatique
^
D16/08'2024
CX
T-130.50
PPéage
LVacances:Voyage
^
D16/08'2024
CX
T-89.98
POrange
LLogement:Téléphone
^
D16/08'2024
CX
T-48.00
PLeroy Merlin
LLogement:Bricolage
^
D18/08'2024
CX
T-300.00
PEmilye
LDivers
^
D19/08'2024
CX
T-28.00
PCourses
LCourses
^
D21/08'2024
CX
T-36.90
PMagasin Vert
LLogement:Jardin
^
D21/08'2024
CX
T-87.42
PCourses
LCourses
^
D21/08'2024
CX
T-42.90
PVétérinaire
LAnimaux domestiques:Vétérinaire
^
D21/08'2024
CX
T-38.49
PWeldom
LLogement:Bricolage
^
D22/08'2024
CX
T-108.92
PAmazon
LLoisirs-culture:Informatique
^
D23/08'2024
CX
T-100.00
L[B For Bank]
^
D24/08'2024
CX
T-39.66
PAmazon
LLoisirs-culture:Informatique
^
D24/08'2024
CX
T-45.83
PAmazon
LLoisirs-culture:Informatique
^
D25/08'2024
CX
T-31.01
PAmazon
LLoisirs-culture:Informatique
^
D25/08'2024
CX
T-60.00
PFleurs
LDivers
^
D26/08'2024
CX
T-400.00
PVirement
L[B For Bank]
^
D26/08'2024
CX
T-37.90
PAmazon
LLoisirs-culture:Informatique
^
D27/08'2024
CX
T6,901.04
PSolde
LTraitements et salaires:Salaire net
^
D30/08'2024
CX
T-341.00
PMammy
^
D30/08'2024
CX
T341.00
PMammy
LDivers
^
D30/08'2024
CX
T-239.42
PEau
LLogement:Eau
^
D31/08'2024
CX
T-4.00
PWWF
LDivers
^
D31/08'2024
CX
T-60.00
PRetrait
LRetrait d'espèces
^
D31/08'2024
CX
T-29.17
PWeldom
LLogement:Bricolage
^
D31/08'2024
CX
T-65.51
PCourses
LCourses
^
D01/09'2024
CX
T-27.60
PCotisation mensuelle
LFrais bancaires
^
D01/09'2024
CX
T-213.96
PAGPM
^
D02/09'2024
CX
MAGPM
T-62.33
PAssurance prêt
LAssurance:Crédit immobilier
^
D02/09'2024
CX
T-137.65
PCrédit auto
LAutomobile:Crédit
^
D03/09'2024
CX
T-710.24
PCrédit auto
LAutomobile:Crédit
^
D03/09'2024
CX
T-710.24
PCrédit auto
LAutomobile:Crédit
^
D03/09'2024
CX
T-480.00
POpenClassRooms
LLoisirs-culture:Informatique
^
D04/09'2024
CX
T-243.00
PGAN
LAssurance:Vie
^
D04/09'2024
CX
T-88.80
PSNCF
LTransports
^
D04/09'2024
CX
T-92.50
PSNCF
LTransports
^
D05/09'2024
CX
T-343.00
PDirect Energie
LLogement:Électricité
^
D06/09'2024
CX
T-22.99
PCanal +
LLoisirs-culture:Cinéma-spectacle
^
D06/09'2024
CX
T-114.00
PCoté Verdure
LLogement:Jardin
^
D07/09'2024
CX
T-1,465.15
PCrédit immobilier
LLogement:Remb. prêt immob. (capital)
^
D07/09'2024
CX
T-47.91
PCourses
LCourses
^
D09/09'2024
CX
T-46.63
PAmazon
LLoisirs-culture:Informatique
^
D11/09'2024
CX
T-70.80
PCourses
LCourses
^
D14/09'2024
CX
T-50.47
PCourses
LCourses
^
D15/09'2024
CX
T-94.00
PImpôts fonciers
LImpôts:Fonciers
^
D15/09'2024
CX
T-200.00
PCARAC RMC
L[CARAC RMC]
^
D16/09'2024
CX
T-50.78
PAssurance maison
LAssurance:Habitation
^
D16/09'2024
CX
T-89.98
POrange
LLogement:Téléphone
^
D17/09'2024
CX
T-115.00
PVêtements
LHabillement
^
D17/09'2024
CX
T-110.00
PVêtements
LHabillement
^
D17/09'2024
CX
T-72.97
PVêtements
LHabillement
^
D17/09'2024
CX
T-0.03
PCourses
LCourses
^
D18/09'2024
CX
T-406.20
PHôtel
LVacances:Logement
^
D18/09'2024
CX
T-43.30
PLeroy Merlin
LLogement:Bricolage
^
D18/09'2024
CX
T-89.00
PLeroy Merlin
LLogement:Bricolage
^
D18/09'2024
CX
T-41.28
PNespresso
LCourses
^
D21/09'2024
CX
T-25.96
PCourses
LCourses
^
D21/09'2024
CX
T-200.00
L[B For Bank]
^
D25/09'2024
CX
T-40.50
PSNCF
LTransports
^
D25/09'2024
CX
T5,427.56
PSolde
LTraitements et salaires:Salaire net
^
D25/09'2024
CX
T-42.90
PVétérinaire
LAnimaux domestiques:Vétérinaire
^
D25/09'2024
CX
T-85.58
PCourses
LCourses
^
D25/09'2024
CX
T-28.65
PRestaurant
LAlimentation:Restaurant
^
D25/09'2024
CX
T218.00
PSNCF
LTransports
^
D26/09'2024
CX
T-400.00
PVirement
L[B For Bank]
^
D26/09'2024
CX
T-36.26
PAmazon
LLoisirs-culture:Informatique
^
D29/09'2024
CX
T-36.26
PAmazon
LLoisirs-culture:Informatique
^
D29/09'2024
CX
T-107.88
PCourses
LCourses
^
D29/09'2024
CX
T-40.50
PSNCF
LTransports
^
D30/09'2024
CX
T-4.00
PWWF
LDivers
^
D30/09'2024
CX
T-341.00
PMammy
^
D30/09'2024
CX
T341.00
PMammy
LDivers
^
D30/09'2024
CX
T-317.56
PCourses
LCourses
^
D01/10'2024
CX
T-27.60
PCotisation mensuelle
LFrais bancaires
^
D01/10'2024
CX
T-213.96
PAGPM
^
D01/10'2024
CX
T-137.65
PPrêt voiture
LAutomobile:Crédit
^
D02/10'2024
CX
MAGPM
T-50.78
PAssurance prêt
LAssurance:Crédit immobilier
^
D02/10'2024
CX
T-84.60
PLeroy Merlin
LLogement:Bricolage
^
D02/10'2024
CX
T-43.50
PRestaurant
LAlimentation:Restaurant
^
D03/10'2024
CX
T-710.24
PPrêt voiture
LAutomobile:Crédit
^
D03/10'2024
CX
T-38.94
PAmazon
LLoisirs-culture:Informatique
^
D03/10'2024
CX
T-42.75
PCourses
LCourses
^
D04/10'2024
CX
T-243.00
PGAN
LAssurance:Vie
^
D04/10'2024
CX
T-89.98
POrange
LLogement:Téléphone
^
D05/10'2024
CX
T-343.00
PDirect Energie
LLogement:Électricité
^
D05/10'2024
CX
T-66.30
PCourses
LCourses
^
D06/10'2024
CX
T-22.99
PCanal +
LLoisirs-culture:Cinéma-spectacle
^
D07/10'2024
CX
T-1,465.15
PCrédit immobilier
LLogement:Remb. prêt immob. (capital)
^
D08/10'2024
CX
T-26.70
N832
PCourses
LCourses
^
D09/10'2024
CX
T-39.50
PRestaurant
LAlimentation:Restaurant
^
D10/10'2024
CX
T-27.80
PRestaurant
LAlimentation:Restaurant
^
D11/10'2024
CX
T-270.80
PHôtel
LVacances:Logement
^
D12/10'2024
CX
T-37.99
PManoMano
LLogement:Bricolage
^
D12/10'2024
CX
T-51.74
PAmazon
LLoisirs-culture:Informatique
^
D12/10'2024
CX
T-266.00
PCoté Verdure
LLogement:Jardin
^
D12/10'2024
CX
T-67.03
PCourses
LCourses
^
D14/10'2024
CX
T-29.39
PWeldom
LLogement:Bricolage
^
D15/10'2024
CX
T-94.00
PImpôts fonciers
LImpôts:Fonciers
^
D15/10'2024
CX
T-200.00
PCARAC RMC
L[CARAC RMC]
^
D15/10'2024
CX
T-341.00
PMammy
^
D15/10'2024
CX
T341.00
PMammy
LDivers
^
D16/10'2024
CX
T-62.37
PAssurance maison
LAssurance:Habitation
^
D24/10'2024
CX
T-75.00
PCourses
LCourses
^
D24/10'2024
CX
T-93.99
PInformatique
LLoisirs-culture:Informatique
^
D25/10'2024
CX
T5,427.56
PSolde
LTraitements et salaires:Salaire net
^
D25/10'2024
CX
T-100.00
L[B For Bank]
^
D25/10'2024
CX
T-120.00
PEmilye
LDivers
^
D25/10'2024
CX
T-33.00
PLeroy Merlin
LLogement:Bricolage
^
D25/10'2024
CX
T-62.02
PEssence
LAutomobile:Carburant
^
D25/10'2024
CX
T-33.00
PLeroy Merlin
LLogement:Bricolage
^
D26/10'2024
CX
T-400.00
PVirement
L[B For Bank]
^
D28/10'2024
CX
T-22.40
PCourses
LCourses
^
D28/10'2024
CX
T-52.01
PEssence
LAutomobile:Carburant
^
D28/10'2024
CX
T-36.00
PCourses
LCourses
^
D28/10'2024
CX
T12.08
PAmazon
LLoisirs-culture:Informatique
^
D31/10'2024
CX
T-4.00
PWWF
LDivers
^
D31/10'2024
CX
T-40.50
PSNCF
LTransports
^
D31/10'2024
CX
T-71.47
PCourses
LCourses
^
D31/10'2024
CX
T-77.70
N4831
PRestaurant
LAlimentation:Restaurant
^
D01/11'2024
CX
T-27.60
PCotisation mensuelle
LFrais bancaires
^
D01/11'2024
CX
T-213.96
PAGPM
LAssurance:Automobile
^
D01/11'2024
CX
T-137.65
PPrêt voiture
^
D01/11'2024
CX
T-480.00
POpenClassRooms
LLoisirs-culture:Informatique
^
D01/11'2024
CX
T-480.00
POpenClassRooms
LLoisirs-culture:Informatique
^
D02/11'2024
CX
MAGPM
T-50.78
PAssurance prêt
LAssurance:Crédit immobilier
^
D04/11'2024
CX
T-243.00
PGAN
LAssurance:Vie
^
D04/11'2024
CX
T-49.13
PCourses
LCourses
^
D05/11'2024
CX
T-343.00
PDirect Energie
LLogement:Électricité
^
D05/11'2024
CX
T-89.98
POrange
LLogement:Téléphone
^
D06/11'2024
CX
T-22.99
PCanal +
LLoisirs-culture:Cinéma-spectacle
^
D07/11'2024
CX
T-1,465.15
PCrédit immobilier
LLogement:Remb. prêt immob. (capital)
^
D07/11'2024
CX
T-144.42
PJardiland
LLogement:Jardin
^
D07/11'2024
CX
T-27.35
PCourses
LCourses
^
D07/11'2024
CX
T-42.90
PCourses
LCourses
^
D07/11'2024
CX
T-42.90
PVétérinaire
LAnimaux domestiques:Vétérinaire
^
D10/11'2024
CX
T-152.00
PCoté Verdure
LLogement:Jardin
^
D10/11'2024
CX
T-200.00
PRetrait
LRetrait d'espèces
^
D13/11'2024
CX
T-98.24
PCourses
LCourses
^
D14/11'2024
CX
T-72.70
PCourses
LCourses
^
D14/11'2024
CX
T-35.00
PDecathlon
LLoisirs-culture:Articles de sport
^
D14/11'2024
CX
T-35.00
PNespresso
LCourses
^
D14/11'2024
CX
T-45.00
PCourses
LCourses
^
D14/11'2024
CX
T-78.60
PLeroy Merlin
LLogement:Bricolage
^
D15/11'2024
CX
T-94.00
PImpôts fonciers
LImpôts:Fonciers
^
D15/11'2024
CX
T-200.00
PCARAC RMC
L[CARAC RMC]
^
D16/11'2024
CX
T-62.37
PAssurance maison
LAssurance:Habitation
^
D19/11'2024
CX
T-54.25
PCourses
LCourses
^
D20/11'2024
CX
T593.90
PFrais de mission
^
D22/11'2024
CX
T-82.16
POrdures ménagères
LLogement:Charges
^
D23/11'2024
CX
T-73.43
PCourses
LCourses
^
D25/11'2024
CX
T-30.44
PCourses
LCourses
^
D25/11'2024
CX
T5,376.16
PSolde
LTraitements et salaires:Salaire net
^
D26/11'2024
CX
T-400.00
PVirement
L[B For Bank]
^
D27/11'2024
CX
T-182.02
PAmazon
LLoisirs-culture:Informatique
^
D27/11'2024
CX
T-39.95
PCourses
LCourses
^
D27/11'2024
CX
T-59.07
PLeroy Merlin
LLogement:Bricolage
^
D28/11'2024
CX
T-59.99
PAmazon
LLoisirs-culture:Informatique
^
D29/11'2024
CX
T-90.46
PCourses
LCourses
^
D30/11'2024
CX
T-4.00
PWWF
LDivers
^
D01/12'2024
CX
T-27.60
PCotisation mensuelle
LFrais bancaires
^
D01/12'2024
CX
T-213.96
PAGPM
^
D01/12'2024
CX
T-137.65
PPrêt voiture
LAutomobile:Crédit
^
D02/12'2024
CX
MAGPM
T-62.37
PAssurance prêt
LAssurance:Crédit immobilier
^
D03/12'2024
CX
T-710.24
PPrêt voiture
LAutomobile:Crédit
^
D04/12'2024
CX
T-89.98
POrange
LLogement:Téléphone
^
D04/12'2024
CX
T-243.00
PGAN
LAssurance:Vie
^
D05/12'2024
CX
T-343.00
PDirect Energie
LLogement:Électricité
^
D06/12'2024
CX
T-22.99
PCanal +
LLoisirs-culture:Cinéma-spectacle
^
D07/12'2024
CX
T-1,465.15
PCrédit immobilier
LLogement:Remb. prêt immob. (capital)
^
D07/12'2024
CX
T-61.40
PMagasin Vert
LLogement:Jardin
^
D08/12'2024
CX
T-54.57
PManoMano
LLogement:Bricolage
^
D08/12'2024
CX
T-63.00
PAmazon
LLoisirs-culture:Informatique
^
D08/12'2024
CX
T-152.00
PCoté Verdure
LLogement:Jardin
^
D09/12'2024
CX
T-480.00
POpenClassRooms
LLoisirs-culture:Informatique
^
D09/12'2024
CX
T-153.63
PVétérinaire
LAnimaux domestiques:Vétérinaire
^
D10/12'2024
CX
T-173.25
PArmor Génie
LLogement:Chauffage
^
D11/12'2024
CX
T-115.58
PCourses
LCourses
^
D13/12'2024
CX
T-180.00
PCadeau
LCadeaux
^
D14/12'2024
CX
T-65.00
PDecathlon
LLoisirs-culture:Articles de sport
^
D14/12'2024
CX
T-41.50
PRestaurant
LAlimentation:Restaurant
^
D15/12'2024
CX
T-14.00
PImpôts fonciers
LImpôts:Fonciers
^
D15/12'2024
CX
T-200.00
PCARAC RMC
L[CARAC RMC]
^
D16/12'2024
CX
T-50.78
PAssurance maison
LAssurance:Habitation
^
D16/12'2024
CX
T-55.09
PCourses
LCourses
^
D16/12'2024
CX
T-26.95
PCourses
LCourses
^
D17/12'2024
CX
T5,376.16
PSolde
LTraitements et salaires:Salaire net
^
D18/12'2024
CX
T-136.49
PAmazon
LLoisirs-culture:Informatique
^
D20/12'2024
CX
T-85.00
PSNCF
LTransports
^
D20/12'2024
CX
T-85.00
PSNCF
LTransports
^
D20/12'2024
CX
T-111.00
PCourses
LCourses
^
D20/12'2024
CX
T-50.02
PEssence
LAutomobile:Carburant
^
D21/12'2024
CX
T-50.00
PRetrait
LRetrait d'espèces
^
D24/12'2024
CX
T-160.71
PCourses
LCourses
^
D24/12'2024
CX
T-57.00
PCourses
LCourses
^
D24/12'2024
CX
T-32.63
PCourses
LCourses
^
D26/12'2024
CX
T-400.00
PVirement
L[B For Bank]
^
D28/12'2024
CX
T-62.00
PEssence
LAutomobile:Carburant
^
D31/12'2024
CX
T-4.00
PWWF
LDivers
^
D31/12'2024
CX
T-55.00
PCourses
LCourses
^
D01/01'2025
CX
T-28.90
PCotisation mensuelle
LFrais bancaires
^
D01/01'2025
CX
T-213.96
PAGPM
^
D01/01'2025
CX
T-137.65
PPrêt voiture
LAutomobile:Crédit
^
D02/01'2025
CX
MAGPM
T-62.37
PAssurance prêt
LAssurance:Crédit immobilier
^
D03/01'2025
CX
T-710.24
PPrêt voiture
LAutomobile:Crédit
^
D03/01'2025
CX
T-67.50
PSNCF
LTransports
^
D04/01'2025
CX
T-243.00
PGAN
LAssurance:Vie
^
D05/01'2025
CX
T-343.00
PDirect Energie
LLogement:Électricité
^
D06/01'2025
CX
T-22.99
PCanal +
LLoisirs-culture:Cinéma-spectacle
^
D06/01'2025
CX
T-54.40
PHôtel
LVacances:Logement
^
D06/01'2025
CX
T-23.00
PSNCF
LTransports
^
D06/01'2025
CX
T-23.00
PSNCF
LTransports
^
D06/01'2025
CX
T-40.50
PSNCF
LTransports
^
D06/01'2025
CX
T-40.50
PSNCF
LTransports
^
D06/01'2025
CX
T-39.90
PLocation voiture
LVacances:Visites
^
D07/01'2025
CX
T-1,465.15
PCrédit immobilier
LLogement:Remb. prêt immob. (capital)
^
D08/01'2025
CX
T-43.85
PRestaurant
LAlimentation:Restaurant
^
D08/01'2025
CX
T85.00
PSNCF
LTransports
^
D09/01'2025
CX
T-101.60
PHôtel
LVacances:Logement
^
D09/01'2025
CX
T-51.00
PRestaurant
LAlimentation:Restaurant
^
D09/01'2025
CX
T1,382.00
PImpöts
LImpôts:Impôt sur le revenu
^
D09/01'2025
CX
T-480.00
POpenClassRooms
LLoisirs-culture:Informatique
^
D10/01'2025
CX
T40.50
PSNCF
LTransports
^
D10/01'2025
CX
T23.00
PSNCF
LTransports
^
D11/01'2025
CX
T-64.36
PCourses
LCourses
^
D13/01'2025
CX
T-152.00
PCoté Verdure
LLogement:Jardin
^
D15/01'2025
CX
T-104.00
PImpôts fonciers
LImpôts:Fonciers
^
D15/01'2025
CX
T-200.00
PCARAC RMC
L[CARAC RMC]
^
D16/01'2025
CX
T-50.78
PAssurance maison
LAssurance:Habitation
^
D17/01'2025
CX
T-89.98
POrange
LLogement:Téléphone
^
D20/01'2025
CX
T-9.00
PMédecin
LSanté
^
D24/01'2025
CX
T-35.80
PRestaurant
LAlimentation:Restaurant
^
D24/01'2025
CX
T5,325.03
PSolde
LTraitements et salaires:Salaire net
^
D24/01'2025
CX
T292.80
PFrais de mission
^
D24/01'2025
CX
T381.00
PCourses
LCourses
^
D24/01'2025
CX
T-30.47
PCourses
LCourses
^
D24/01'2025
CX
T-249.00
PDecathlon
LLoisirs-culture:Articles de sport
^
D25/01'2025
CX
T-33.94
PCourses
LCourses
^
D26/01'2025
CX
T-400.00
PVirement
L[B For Bank]
^
D26/01'2025
CX
T-100.00
L[B For Bank]
^
D27/01'2025
CX
T9.00
PRemboursement mutuelle
LSanté:Mutuelle
^
D28/01'2025
CX
T-42.90
PCourses
LCourses
^
D29/01'2025
CX
T-59.25
PCourses
LCourses
^
D31/01'2025
CX
T-4.00
PWWF
LDivers
^
D01/02'2025
CX
T-28.90
PCotisation mensuelle
LFrais bancaires
^
D01/02'2025
CX
T-213.96
PAGPM
LAssurance:Automobile
^
D01/02'2025
CX
T-137.65
PPrêt voiture
LAutomobile:Crédit
^
D01/02'2025
CX
T-110.84
PAmazon
LLoisirs-culture:Informatique
^
D02/02'2025
CX
MAGPM
T-50.78
PAssurance prêt
LAssurance:Crédit immobilier
^
D03/02'2025
CX
T-710.24
PPrêt voiture
LAutomobile:Crédit
^
D04/02'2025
CX
T-243.00
PGAN
LAssurance:Vie
^
D04/02'2025
CX
T-42.90
PCourses
LCourses
^
D05/02'2025
CX
T-343.00
PDirect Energie
LLogement:Électricité
^
D05/02'2025
CX
T-142.45
PMutuelle
LSanté:Mutuelle
^
D05/02'2025
CX
T-103.54
PHôtel
LVacances:Logement
^
D06/02'2025
CX
T-22.99
PCanal +
LLoisirs-culture:Cinéma-spectacle
^
D06/02'2025
CX
T-34.90
PTaxi
LVacances:Voyage
^
D07/02'2025
CX
T-1,465.15
PCrédit immobilier
LLogement:Remb. prêt immob. (capital)
^
D08/02'2025
CX
T-53.75
PRestaurant
LAlimentation:Restaurant
^
D09/02'2025
CX
T-480.00
POpenClassRooms
LLoisirs-culture:Informatique
^
D10/02'2025
CX
T-39.02
PEssence
LAutomobile:Carburant
^
D10/02'2025
CX
T-33.15
PRestaurant
LAlimentation:Restaurant
^
D11/02'2025
CX
T-59.90
PFleurs
LDivers
^
D13/02'2025
CX
T-1,296.78
PAmazon
LLoisirs-culture:Informatique
^
D14/02'2025
CX
T-29.99
PAmazon
LLoisirs-culture:Informatique
^
D14/02'2025
CX
T-34.95
PCourses
LCourses
^
D15/02'2025
CX
T-104.00
PImpôts fonciers
LImpôts:Fonciers
^
D15/02'2025
CX
T-200.00
PCARAC RMC
L[CARAC RMC]
^
D15/02'2025
CX
T-94.68
PAmazon
LLoisirs-culture:Informatique
^
D15/02'2025
CX
T110.84
PAmazon
LLoisirs-culture:Informatique
^
D16/02'2025
CX
T-62.37
PAssurance maison
LAssurance:Habitation
^
D17/02'2025
CX
T-94.97
POrange
LLogement:Téléphone
^
D18/02'2025
CX
T-227.98
PDecathlon
LLoisirs-culture:Articles de sport
^
D18/02'2025
CX
T-42.50
PRestaurant
LAlimentation:Restaurant
^
D18/02'2025
CX
T-107.54
PCourses
LCourses
^
D18/02'2025
CX
T-25.09
PBut
LLogement:Ameublement
^
D20/02'2025
CX
T-1,518.00
PCouvreur
LConstruction maison:Couverture
^
D21/02'2025
CX
T-900.00
PCouvreur
LConstruction maison:Couverture
^
D22/02'2025
CX
T-100.00
L[B For Bank]
^
D23/02'2025
CX
T-24.50
PRestaurant
LAlimentation:Restaurant
^
D24/02'2025
CX
T-24.80
PCourses
LCourses
^
D25/02'2025
CX
T4,000.00
L[Livret A]
^
D26/02'2025
CX
T-400.00
PVirement
L[B For Bank]
^
D27/02'2025
CX
T2,445.13
PPension
LTraitements et salaires:Pension
^
D28/02'2025
CX
T-4.00
PWWF
LDivers
^
D02/03'2025
CX
T-50.00
PRetrait
LRetrait d'espèces
^
D02/03'2025
CX
MAGPM
T-50.78
PAssurance prêt
LAssurance:Crédit immobilier
^
D03/03'2025
CX
T64.31
PAGPM
LAssurance:Automobile
^
D03/03'2025
CX
T-28.90
PCotisation mensuelle
LFrais bancaires
^
D03/03'2025
CX
T-710.24
PCrédit auto
LAutomobile:Crédit
^
D03/03'2025
CX
T-151.10
PAGPM
^
D03/03'2025
CX
T-137.65
PCrédit auto
LAutomobile:Crédit
^
D04/03'2025
CX
T-243.00
PGAN
LAssurance:Vie
^
D05/03'2025
CX
T-89.98
POrange
LLogement:Téléphone
^
D05/03'2025
CX
T-343.00
PDirect Energie
LLogement:Électricité
^
D06/03'2025
CX
T-22.99
PCanal +
LLoisirs-culture:Cinéma-spectacle
^
D07/03'2025
CX
T-47.00
PRestaurant
LAlimentation:Restaurant
^
D07/03'2025
CX
T-1,465.15
PCrédit immobilier
LLogement:Remb. prêt immob. (capital)
^
D07/03'2025
CX
T-608.00
PCoté Verdure
LLogement:Jardin
^
D09/03'2025
CX
T-200.96
PHôtel
LVacances:Logement
^
D09/03'2025
CX
T-480.00
POpenClassRooms
LLoisirs-culture:Informatique
^
D14/03'2025
T1,296.78
PAmazon
LLoisirs-culture:Informatique
^
D14/03'2025
CX
T-1,299.99
PAmazon
LLoisirs-culture:Informatique
^
D14/03'2025
CX
T66.79
PAmazon
LLoisirs-culture:Informatique
^
D15/03'2025
CX
T-90.00
PCourses
LCourses
^
D15/03'2025
CX
T-104.00
PImpôts fonciers
LImpôts:Fonciers
^
D15/03'2025
CX
T-200.00
PCARAC RMC
L[CARAC RMC]
^
D15/03'2025
CX
T-94.51
PHôtel
LVacances:Logement
^
D16/03'2025
CX
T-62.37
PAssurance maison
LAssurance:Habitation
^
D16/03'2025
CX
T-74.99
PCourses
LCourses
^
D17/03'2025
CX
T-48.04
PEssence
LAutomobile:Carburant
^
D17/03'2025
CX
T-112.00
PCourses
LCourses
^
D18/03'2025
CX
T-44.01
PEssence
LAutomobile:Carburant
^
D18/03'2025
CX
T-36.00
PEssence
LAutomobile:Carburant
^
D20/03'2025
CX
T-99.10
PHôtel
LVacances:Logement
^
D20/03'2025
CX
T-58.00
PEssence
LAutomobile:Carburant
^
D20/03'2025
CX
T-292.66
PAmazon
LLoisirs-culture:Informatique
^
D22/03'2025
CX
T-438.53
PHôtel
LVacances:Logement
^
D22/03'2025
CX
T-377.12
PLocation voiture
LVacances:Logement
^
D24/03'2025
CX
T352.37
PNotes de frais
LTraitements et salaires:Notes de frais
^
D25/03'2025
CX
T-599.94
PLocation voiture
LVacances:Visites
^
D25/03'2025
CX
T-42.90
PCourses
LCourses
^
D25/03'2025
CX
T-108.08
PCourses
LCourses
^
D25/03'2025
CX
T377.12
PLocation voiture
LVacances
^
D26/03'2025
CX
T-400.00
PVirement
L[B For Bank]
^
D26/03'2025
CX
T-554.00
PHôtel
LVacances:Logement
^
D27/03'2025
T2,445.13
PPension
LTraitements et salaires:Pension
^
D28/03'2025
CX
T-246.59
PEau
LLogement:Eau
^
D28/03'2025
CX
T-1,712.94
PBillets avion
LVacances:Voyage
^
D28/03'2025
CX
T-94.98
PDecathlon
LLoisirs-culture:Articles de sport
^
D28/03'2025
CX
T2,445.13
PPension
LTraitements et salaires:Pension
^
D29/03'2025
CX
T-82.76
PCourses
LCourses
^
D29/03'2025
CX
T-95.30
PMagasin Vert
LLogement:Jardin
^
D30/03'2025
CX
T4,000.00
L[Livret A]
^
D31/03'2025
CX
T-4.00
PWWF
LDivers
^
D31/03'2025
CX
T1,299.99
PAmazon
LLoisirs-culture:Informatique
^
D01/04'2025
CX
T-28.90
PCotisation mensuelle
LFrais bancaires
^
D01/04'2025
CX
T-151.10
PAGPM
LAssurance:Automobile
^
D01/04'2025
CX
T-137.65
PPrêt voiture
LAutomobile:Crédit
^
D01/04'2025
CX
T1,229.99
PAmazon
LLoisirs-culture:Informatique
^
D01/04'2025
CX
T-1,217.90
PLDLC
LLoisirs-culture:Informatique
^
D01/04'2025
CX
T6,500.00
PSalaire HeliHolland
LTraitements et salaires:Salaire net
^
D01/04'2025
CX
T-174.80
PJardiland
LLogement:Jardin
^
D01/04'2025
CX
T-66.95
PCourses
LCourses
^
D01/04'2025
CX
T-2.80
PCourses
LCourses
^
D02/04'2025
CX
MAGPM
T-50.78
PAssurance prêt
LAssurance:Crédit immobilier
^
D03/04'2025
CX
T-710.24
PPrêt voiture
LAutomobile:Crédit
^
D03/04'2025
CX
T-28.47
PCourses
LCourses
^
D04/04'2025
CX
T-243.00
PGAN
LAssurance:Vie
^
D05/04'2025
CX
T-343.00
PDirect Energie
LLogement:Électricité
^
D05/04'2025
CX
T-90.47
POrange
LLogement:Téléphone
^
D05/04'2025
CX
T-300.00
PEmilye
LDivers
^
D06/04'2025
CX
T-22.99
PCanal +
LLoisirs-culture:Cinéma-spectacle
^
D06/04'2025
CX
T-316.00
PCoté Verdure
LLogement:Jardin
^
D07/04'2025
CX
T-1,465.15
PCrédit immobilier
LLogement:Remb. prêt immob. (capital)
^
D07/04'2025
CX
T-56.44
PMagasin Vert
LLogement:Jardin
^
D08/04'2025
CX
T-91.80
PHôtel
LVacances:Logement
^
D09/04'2025
CX
T-1,831.50
PPeinture
LLogement
^
D09/04'2025
CX
T-158.87
PJardiland
LLogement:Jardin
^
D09/04'2025
CX
T-480.00
POpenClassRooms
LLoisirs-culture:Informatique
^
D10/04'2025
CX
T-50.40
PMagasin Vert
LLogement:Jardin
^
D11/04'2025
CX
T-80.00
PRetrait
LRetrait d'espèces
^
D11/04'2025
CX
T-40.50
PRestaurant
LAlimentation:Restaurant
^
D13/04'2025
CX
T-50.00
PCourses
LCourses
^
D14/04'2025
CX
T-54.00
PRestaurant
LAlimentation:Restaurant
^
D15/04'2025
CX
T-104.00
PImpôts fonciers
LImpôts:Fonciers
^
D15/04'2025
CX
T-200.00
PCARAC RMC
L[CARAC RMC]
^
D15/04'2025
CX
T-80.00
PRestaurant
LAlimentation:Restaurant
^
D16/04'2025
CX
T-62.37
PAssurance maison
LAssurance:Habitation
^
D16/04'2025
CX
T-33.10
PPéage
LVacances:Voyage
^
D17/04'2025
T-43.87
PEssence
LAutomobile:Carburant
^
D18/04'2025
T-28.66
PEssence
LAutomobile:Carburant
^
D18/04'2025
T-85.00
PCourses
LCourses
^
D19/04'2025
T-2.99
PCourses
LCourses
^
D19/04'2025
T-29.00
PCourses
LCourses
^
D22/04'2025
CX
T364.47
PNotes de frais
LTraitements et salaires:Notes de frais
^
D25/04'2025
CX
T109.58
PRemboursement mutuelle
LSanté:Mutuelle
^
D26/04'2025
CX
T-400.00
PVirement
L[B For Bank]
^
D26/04'2025
CX
T-200.00
L[B For Bank]
^
D29/04'2025
CX
T2,401.22
PPension
LTraitements et salaires:Pension
^
D30/04'2025
CX
T-4.00
PWWF
LDivers
^
D30/04'2025
CX
T6,564.62
PSalaire HeliHolland
LTraitements et salaires:Salaire net
^
D01/05'2025
CX
T-28.90
PCotisation mensuelle
LFrais bancaires
^
D01/05'2025
CX
T-137.65
PPrêt voiture
LAutomobile:Crédit
^
D02/05'2025
CX
T5,504.89
PSalaire HeliHolland
LTraitements et salaires:Salaire net
^
D02/05'2025
CX
T-200.16
PAGPM
LAssurance:Automobile
^
D02/05'2025
CX
MAGPM
T-50.78
PAssurance prêt
LAssurance:Crédit immobilier
^
D03/05'2025
T-63.92
PAmazon
LLoisirs-culture:Informatique
^
D03/05'2025
CX
T-710.24
PPrêt voiture
LAutomobile:Crédit
^
D04/05'2025
CX
T-243.00
PGAN
LAssurance:Vie
^
D05/05'2025
CX
T-343.00
PDirect Energie
LLogement:Électricité
^
D06/05'2025
CX
T-22.99
PCanal +
LLoisirs-culture:Cinéma-spectacle
^
D07/05'2025
CX
T-1,465.15
PCrédit immobilier
LLogement:Remb. prêt immob. (capital)
^
D07/05'2025
CX
T-233.00
PEmilye
LDivers
^
D08/05'2025
T-47.80
PAmazon
LLoisirs-culture:Informatique
^
D14/05'2025
CX
T-1,500.00
PEmilye
LDivers
^
D15/05'2025
CX
T-104.00
PImpôts fonciers
LImpôts:Fonciers
^
D15/05'2025
CX
T-200.00
PCARAC RMC
L[CARAC RMC]
^
D15/05'2025
CX
T-93.35
POrange
LLogement:Téléphone
^
D16/05'2025
CX
T-62.37
PAssurance maison
LAssurance:Habitation
^
D18/05'2025
T-50.80
PCourses
LCourses
^
D18/05'2025
T-25.88
PAmazon
LLoisirs-culture:Informatique
^
D26/05'2025
T-400.00
PVirement
L[B For Bank]
^
D31/05'2025
T-4.00
PWWF
LDivers
^
